<?xml version="1.0" encoding="UTF-8"?>
<!DOCTYPE html PUBLIC "-//W3C//DTD XHTML 1.0 Transitional//EN"
    "http://www.w3.org/TR/xhtml1/DTD/xhtml1-transitional.dtd">
<html xmlns="http://www.w3.org/1999/xhtml" xml:lang="en" lang="en">
 <head>
  <title>
</title>
<meta http-equiv="Content-Type" content="text/html;charset=utf-8" />
  <meta name='ocr-system' content='tesseract 3.04.00' />
  <meta name='ocr-capabilities' content='ocr_page ocr_carea ocr_par ocr_line ocrx_word'/>
</head>
<body>
  <div class='ocr_page' id='page_1' title='image "./bibliotecacriti02wyttgoog_0137.png"; bbox 0 0 2967 4859; ppageno 0'>
   <div class='ocr_carea' id='block_1_1' title="bbox 253 351 1269 459">
    <p class='ocr_par' dir='ltr' id='par_1_1' title="bbox 253 351 1269 459">
     <span class='ocr_line' id='line_1_1' title="bbox 253 351 1269 459; baseline -0.01 -21"><span class='ocrx_word' id='word_1_1' title='bbox 253 375 258 388; x_wconf 62' lang='grc'><em>’</em></span> <span class='ocrx_word' id='word_1_2' title='bbox 352 358 745 438; x_wconf 79' lang='lat' dir='ltr'>nnnnnrouns</span> <span class='ocrx_word' id='word_1_3' title='bbox 778 351 1132 452; x_wconf 80' lang='lat' dir='ltr'>nnsvronns</span> <span class='ocrx_word' id='word_1_4' title='bbox 1186 383 1269 459; x_wconf 62' lang='grc' dir='ltr'>ιη.</span> 
     </span>
    </p>
   </div>
   <div class='ocr_carea' id='block_1_2' title="bbox 258 534 1350 882">
    <p class='ocr_par' dir='ltr' id='par_1_2' title="bbox 258 534 1350 882">
     <span class='ocr_line' id='line_1_2' title="bbox 258 534 1257 632; baseline 0.01 -27"><span class='ocrx_word' id='word_1_5' title='bbox 258 535 388 631; x_wconf 83' lang='lat' dir='ltr'>placito</span> <span class='ocrx_word' id='word_1_6' title='bbox 405 535 669 624; x_wconf 60' lang='lat' dir='ltr'>immortalitatis</span> <span class='ocrx_word' id='word_1_7' title='bbox 687 534 884 631; x_wconf 83' lang='lat' dir='ltr'><strong>exponitur.</strong></span> <span class='ocrx_word' id='word_1_8' title='bbox 909 535 998 611; x_wconf 65' lang='lat' dir='ltr'>seat.</span> <span class='ocrx_word' id='word_1_9' title='bbox 1010 536 1038 611; x_wconf 89' lang='lat' dir='ltr'>l.</span> <span class='ocrx_word' id='word_1_10' title='bbox 1050 536 1099 609; x_wconf 81' lang='lat' dir='ltr'>Dc</span> <span class='ocrx_word' id='word_1_11' title='bbox 1117 535 1257 632; x_wconf 82' lang='lat' dir='ltr'>Joricis.</span> 
     </span>
     <span class='ocr_line' id='line_1_3' title="bbox 260 656 1350 772; baseline 0.01 -42"><span class='ocrx_word' id='word_1_12' title='bbox 260 656 321 731; x_wconf 91' lang='lat' dir='ltr'>Nil</span> <span class='ocrx_word' id='word_1_13' title='bbox 340 658 464 734; x_wconf 88' lang='lat' dir='ltr'>dicitur</span> <span class='ocrx_word' id='word_1_14' title='bbox 479 660 522 733; x_wconf 91' lang='lat' dir='ltr'>de</span> <span class='ocrx_word' id='word_1_15' title='bbox 538 659 662 736; x_wconf 82' lang='lat' dir='ltr'>causfis</span> <span class='ocrx_word' id='word_1_16' title='bbox 690 658 896 735; x_wconf 81' lang='lat' dir='ltr'>naturalibus</span> <span class='ocrx_word' id='word_1_17' title='bbox 915 683 956 772; x_wconf 85' lang='lat' dir='ltr'>ac</span> <span class='ocrx_word' id='word_1_18' title='bbox 979 658 1157 754; x_wconf 87' lang='lat' dir='ltr'>civilibus,</span> <span class='ocrx_word' id='word_1_19' title='bbox 1183 665 1258 761; x_wconf 91' lang='lat' dir='ltr'>qui·</span> <span class='ocrx_word' id='word_1_20' title='bbox 1338 742 1350 768; x_wconf 72' lang='lat'>,</span> 
     </span>
     <span class='ocr_line' id='line_1_4' title="bbox 259 782 1258 882; baseline 0.005 -27"><span class='ocrx_word' id='word_1_21' title='bbox 259 784 321 855; x_wconf 91' lang='lat' dir='ltr'>bus</span> <span class='ocrx_word' id='word_1_22' title='bbox 339 782 468 858; x_wconf 70' lang='lat' dir='ltr'>fartum</span> <span class='ocrx_word' id='word_1_23' title='bbox 490 802 563 875; x_wconf 92' lang='lat' dir='ltr'>est,</span> <span class='ocrx_word' id='word_1_24' title='bbox 589 802 628 857; x_wconf 92' lang='lat' dir='ltr'>ut</span> <span class='ocrx_word' id='word_1_25' title='bbox 651 787 760 861; x_wconf 88' lang='lat' dir='ltr'>multo</span> <span class='ocrx_word' id='word_1_26' title='bbox 773 803 853 861; x_wconf 84' lang='lat' dir='ltr'>ante</span> <span class='ocrx_word' id='word_1_27' title='bbox 882 802 996 858; x_wconf 88' lang='lat' dir='ltr'>natam</span> <span class='ocrx_word' id='word_1_28' title='bbox 1010 784 1258 882; x_wconf 85' lang='lat' dir='ltr'>Philosophiam</span> 
     </span>
    </p>
   </div>
   <div class='ocr_carea' id='block_1_3' title="bbox 138 906 1261 1005">
    <p class='ocr_par' dir='ltr' id='par_1_3' title="bbox 138 906 1261 1005">
     <span class='ocr_line' id='line_1_5' title="bbox 138 906 1261 1005; baseline 0.004 -24"><span class='ocrx_word' id='word_1_29' title='bbox 138 948 147 996; x_wconf 73' lang='lat'>3</span> <span class='ocrx_word' id='word_1_30' title='bbox 258 907 374 1005; x_wconf 85' lang='lat' dir='ltr'>opinio</span> <span class='ocrx_word' id='word_1_31' title='bbox 394 906 659 984; x_wconf 79' lang='lat' dir='ltr'>Immortalitatis</span> <span class='ocrx_word' id='word_1_32' title='bbox 673 906 709 998; x_wconf 86' lang='lat' dir='ltr'>iu</span> <span class='ocrx_word' id='word_1_33' title='bbox 725 907 901 985; x_wconf 90' lang='lat' dir='ltr'>hominum</span> <span class='ocrx_word' id='word_1_34' title='bbox 914 908 1083 983; x_wconf 89' lang='lat' dir='ltr'>mentibus</span> <span class='ocrx_word' id='word_1_35' title='bbox 1098 908 1261 986; x_wconf 82' lang='lat' dir='ltr'>existeret</span> 
     </span>
    </p>
   </div>
   <div class='ocr_carea' id='block_1_4' title="bbox 156 1032 1353 3259">
    <p class='ocr_par' dir='ltr' id='par_1_4' title="bbox 198 1032 1262 1132">
     <span class='ocr_line' id='line_1_6' title="bbox 198 1032 1262 1132; baseline 0.008 -26"><span class='ocrx_word' id='word_1_36' title='bbox 198 1107 207 1120; x_wconf 78' lang='grc'>,</span> <span class='ocrx_word' id='word_1_37' title='bbox 258 1057 300 1107; x_wconf 89' lang='lat' dir='ltr'>ac</span> <span class='ocrx_word' id='word_1_38' title='bbox 324 1034 631 1130; x_wconf 83' lang='lat' dir='ltr'>frequentaretur3</span> <span class='ocrx_word' id='word_1_39' title='bbox 673 1032 802 1132; x_wconf 89' lang='lat' dir='ltr'>quippe</span> <span class='ocrx_word' id='word_1_40' title='bbox 827 1032 922 1109; x_wconf 87' lang='lat' dir='ltr'>locus</span> <span class='ocrx_word' id='word_1_41' title='bbox 952 1053 1021 1107; x_wconf 92' lang='lat' dir='ltr'>non</span> <span class='ocrx_word' id='word_1_42' title='bbox 1056 1032 1201 1112; x_wconf 85' lang='lat' dir='ltr'>cadebat</span> <span class='ocrx_word' id='word_1_43' title='bbox 1223 1033 1262 1114; x_wconf 82' lang='lat' dir='ltr'>in</span> 
     </span>
    </p>

    <p class='ocr_par' dir='ltr' id='par_1_5' title="bbox 156 1155 1353 3259">
     <span class='ocr_line' id='line_1_7' title="bbox 219 1155 1261 1261; baseline 0.005 -26"><span class='ocrx_word' id='word_1_44' title='bbox 219 1165 226 1172; x_wconf 86' lang='lat'><em>&#39;</em></span> <span class='ocrx_word' id='word_1_45' title='bbox 258 1157 344 1235; x_wconf 85' lang='lat' dir='ltr'>fines</span> <span class='ocrx_word' id='word_1_46' title='bbox 370 1157 620 1256; x_wconf 90' lang='lat' dir='ltr'>Disputationis</span> <span class='ocrx_word' id='word_1_47' title='bbox 639 1183 660 1234; x_wconf 85' lang='lat' dir='ltr'>a</span> <span class='ocrx_word' id='word_1_48' title='bbox 676 1155 849 1257; x_wconf 86' lang='lat' dir='ltr'>judicibus</span> <span class='ocrx_word' id='word_1_49' title='bbox 868 1156 1107 1256; x_wconf 82' lang='lat' dir='ltr'>praescriptos.</span> <span class='ocrx_word' id='word_1_50' title='bbox 1165 1163 1261 1261; x_wconf 84' lang='lat' dir='ltr'>Ergo</span> 
     </span>
     <span class='ocr_line' id='line_1_8' title="bbox 169 1282 1260 1385; baseline 0.007 -32"><span class='ocrx_word' id='word_1_51' title='bbox 169 1347 172 1353; x_wconf 87' lang='lat'>.</span> <span class='ocrx_word' id='word_1_52' title='bbox 222 1359 225 1364; x_wconf 70' lang='grc'>,</span> <span class='ocrx_word' id='word_1_53' title='bbox 257 1284 420 1359; x_wconf 87' lang='lat' dir='ltr'>continuo</span> <span class='ocrx_word' id='word_1_54' title='bbox 438 1282 482 1357; x_wconf 91' lang='lat' dir='ltr'>de</span> <span class='ocrx_word' id='word_1_55' title='bbox 505 1283 635 1359; x_wconf 76' lang='lat' dir='ltr'>lbrlete</span> <span class='ocrx_word' id='word_1_56' title='bbox 648 1285 791 1369; x_wconf 88' lang='lat' dir='ltr'>dicitur:</span> <span class='ocrx_word' id='word_1_57' title='bbox 817 1283 937 1382; x_wconf 90' lang='lat' dir='ltr'>inquo</span> <span class='ocrx_word' id='word_1_58' title='bbox 956 1282 1071 1358; x_wconf 86' lang='lat' dir='ltr'>statim</span> <span class='ocrx_word' id='word_1_59' title='bbox 1092 1305 1260 1385; x_wconf 88' lang='lat' dir='ltr'>apparet,</span> 
     </span>
     <span class='ocr_line' id='line_1_9' title="bbox 164 1403 1259 1505; baseline 0.006 -22"><span class='ocrx_word' id='word_1_60' title='bbox 164 1403 199 1420; x_wconf 66' lang='grc'>’“’</span> <span class='ocrx_word' id='word_1_61' title='bbox 256 1433 358 1504; x_wconf 89' lang='lat' dir='ltr'>quam</span> <span class='ocrx_word' id='word_1_62' title='bbox 377 1409 421 1482; x_wconf 92' lang='lat' dir='ltr'>srt</span> <span class='ocrx_word' id='word_1_63' title='bbox 440 1405 598 1495; x_wconf 84' lang='lat' dir='ltr'>difficile,</span> <span class='ocrx_word' id='word_1_64' title='bbox 622 1407 658 1480; x_wconf 91' lang='lat' dir='ltr'>in</span> <span class='ocrx_word' id='word_1_65' title='bbox 681 1428 776 1481; x_wconf 83' lang='lat' dir='ltr'>tanta</span> <span class='ocrx_word' id='word_1_66' title='bbox 790 1427 1087 1483; x_wconf 80' lang='lat' dir='ltr'>monumentorum</span> <span class='ocrx_word' id='word_1_67' title='bbox 1104 1412 1259 1505; x_wconf 76' lang='lat' dir='ltr'>jattura,</span> 
     </span>
     <span class='ocr_line' id='line_1_10' title="bbox 256 1513 1259 1631; baseline 0.004 -21"><span class='ocrx_word' id='word_1_68' title='bbox 256 1534 303 1615; x_wconf 85' lang='lat' dir='ltr'>de</span> <span class='ocrx_word' id='word_1_69' title='bbox 329 1536 500 1610; x_wconf 87' lang='lat' dir='ltr'>Veterum</span> <span class='ocrx_word' id='word_1_70' title='bbox 524 1527 676 1630; x_wconf 85' lang='lat' dir='ltr'>placitis,</span> <span class='ocrx_word' id='word_1_71' title='bbox 703 1531 784 1629; x_wconf 92' lang='lat' dir='ltr'>quid</span> <span class='ocrx_word' id='word_1_72' title='bbox 809 1535 972 1631; x_wconf 89' lang='lat' dir='ltr'>cujusque</span> <span class='ocrx_word' id='word_1_73' title='bbox 1004 1531 1068 1623; x_wconf 87' lang='lat' dir='ltr'>lit,</span> <span class='ocrx_word' id='word_1_74' title='bbox 1099 1513 1259 1615; x_wconf 83' lang='lat' dir='ltr'>statuere.</span> 
     </span>
     <span class='ocr_line' id='line_1_11' title="bbox 256 1656 1259 1760; baseline 0.007 -30"><span class='ocrx_word' id='word_1_75' title='bbox 256 1657 294 1744; x_wconf 75' lang='lat' dir='ltr'>Si</span> <span class='ocrx_word' id='word_1_76' title='bbox 321 1656 478 1744; x_wconf 79' lang='lat' dir='ltr'>audimus</span> <span class='ocrx_word' id='word_1_77' title='bbox 494 1658 705 1760; x_wconf 78' lang='lat' dir='ltr'>¹Diogenem</span> <span class='ocrx_word' id='word_1_78' title='bbox 736 1658 932 1749; x_wconf 88' lang='lat' dir='ltr'>Laertium,</span> <span class='ocrx_word' id='word_1_79' title='bbox 965 1658 1114 1736; x_wconf 92' lang='lat' dir='ltr'>Pseudo·</span> <span class='ocrx_word' id='word_1_80' title='bbox 1129 1660 1259 1737; x_wconf 89' lang='lat' dir='ltr'>Plutar-</span> 
     </span>
     <span class='ocr_line' id='line_1_12' title="bbox 176 1784 1306 1886; baseline 0.003 -24"><span class='ocrx_word' id='word_1_81' title='bbox 176 1857 179 1862; x_wconf 83' lang='grc'><strong>.</strong></span> <span class='ocrx_word' id='word_1_82' title='bbox 256 1788 385 1880; x_wconf 76' lang='lat' dir='ltr'>chum,</span> <span class='ocrx_word' id='word_1_83' title='bbox 405 1788 612 1877; x_wconf 79' lang='lat' dir='ltr'>stobaeum,</span> <span class='ocrx_word' id='word_1_84' title='bbox 637 1784 860 1876; x_wconf 86' lang='lat' dir='ltr'>Nemessum,</span> <span class='ocrx_word' id='word_1_85' title='bbox 878 1788 1163 1875; x_wconf 84' lang='lat' dir='ltr'>Theodoretum,</span> <span class='ocrx_word' id='word_1_86' title='bbox 1176 1812 1259 1886; x_wconf 90' lang='lat' dir='ltr'>pro·</span> <span class='ocrx_word' id='word_1_87' title='bbox 1300 1813 1306 1826; x_wconf 94' lang='lat'><strong>·</strong></span> 
     </span>
     <span class='ocr_line' id='line_1_13' title="bbox 254 1890 1260 2014; baseline -0.001 -26"><span class='ocrx_word' id='word_1_88' title='bbox 254 1890 430 1988; x_wconf 75' lang='lat' dir='ltr'>nunciavit</span> <span class='ocrx_word' id='word_1_89' title='bbox 446 1911 602 2014; x_wconf 71' lang='lat' dir='ltr'>‘Animos</span> <span class='ocrx_word' id='word_1_90' title='bbox 633 1911 704 1982; x_wconf 92' lang='lat' dir='ltr'>esse</span> <span class='ocrx_word' id='word_1_91' title='bbox 732 1912 952 1986; x_wconf 87' lang='lat' dir='ltr'>immortales.</span> <span class='ocrx_word' id='word_1_92' title='bbox 1000 1913 1069 1986; x_wconf 88' lang='lat' dir='ltr'>Sed</span> <span class='ocrx_word' id='word_1_93' title='bbox 1097 1912 1133 1985; x_wconf 92' lang='lat' dir='ltr'>hi</span> <span class='ocrx_word' id='word_1_94' title='bbox 1169 1911 1260 1986; x_wconf 90' lang='lat' dir='ltr'>unde</span> 
     </span>
     <span class='ocr_line' id='line_1_14' title="bbox 256 2033 1259 2133; baseline -0.002 -23"><span class='ocrx_word' id='word_1_95' title='bbox 256 2036 344 2110; x_wconf 90' lang='lat' dir='ltr'>hanc</span> <span class='ocrx_word' id='word_1_96' title='bbox 360 2033 518 2113; x_wconf 80' lang='lat' dir='ltr'>notitiam</span> <span class='ocrx_word' id='word_1_97' title='bbox 536 2036 748 2123; x_wconf 81' lang='lat' dir='ltr'>habuerunt,</span> <span class='ocrx_word' id='word_1_98' title='bbox 765 2051 880 2106; x_wconf 91' lang='lat' dir='ltr'>utrum</span> <span class='ocrx_word' id='word_1_99' title='bbox 897 2034 1062 2133; x_wconf 87' lang='lat' dir='ltr'>escriptis</span> <span class='ocrx_word' id='word_1_100' title='bbox 1080 2035 1259 2127; x_wconf 80' lang='lat' dir='ltr'>Thaletis,</span> 
     </span>
     <span class='ocr_line' id='line_1_15' title="bbox 254 2139 1257 2259; baseline 0.005 -28"><span class='ocrx_word' id='word_1_101' title='bbox 254 2182 297 2238; x_wconf 89' lang='lat' dir='ltr'>an</span> <span class='ocrx_word' id='word_1_102' title='bbox 314 2158 467 2238; x_wconf 84' lang='lat' dir='ltr'>aliorum.</span> <span class='ocrx_word' id='word_1_103' title='bbox 516 2158 606 2234; x_wconf 85' lang='lat' dir='ltr'>Eum</span> <span class='ocrx_word' id='word_1_104' title='bbox 625 2155 672 2234; x_wconf 92' lang='lat' dir='ltr'>nil</span> <span class='ocrx_word' id='word_1_105' title='bbox 692 2158 735 2236; x_wconf 91' lang='lat' dir='ltr'>de</span> <span class='ocrx_word' id='word_1_106' title='bbox 751 2139 966 2258; x_wconf 84' lang='lat' dir='ltr'>Philosophia</span> <span class='ocrx_word' id='word_1_107' title='bbox 989 2159 1154 2259; x_wconf 87' lang='lat' dir='ltr'>scriptum</span> <span class='ocrx_word' id='word_1_108' title='bbox 1179 2160 1257 2236; x_wconf 88' lang='lat' dir='ltr'>reli·</span> 
     </span>
     <span class='ocr_line' id='line_1_16' title="bbox 252 2285 1259 2388; baseline 0.008 -29"><span class='ocrx_word' id='word_1_109' title='bbox 252 2286 362 2386; x_wconf 83' lang='lat' dir='ltr'>quisse</span> <span class='ocrx_word' id='word_1_110' title='bbox 384 2286 535 2384; x_wconf 84' lang='lat' dir='ltr'>produnt</span> <span class='ocrx_word' id='word_1_111' title='bbox 558 2306 680 2382; x_wconf 85' lang='lat' dir='ltr'>graves</span> <span class='ocrx_word' id='word_1_112' title='bbox 700 2285 878 2375; x_wconf 70' lang='lat' dir='ltr'>rudiores,</span> <span class='ocrx_word' id='word_1_113' title='bbox 903 2286 1101 2364; x_wconf 86' lang='lat' dir='ltr'>Alexander</span> <span class='ocrx_word' id='word_1_114' title='bbox 1116 2290 1259 2388; x_wconf 87' lang='lat' dir='ltr'>Aphro·</span> 
     </span>
     <span class='ocr_line' id='line_1_17' title="bbox 252 2400 1353 2508; baseline 0.008 -26"><span class='ocrx_word' id='word_1_115' title='bbox 252 2411 425 2498; x_wconf 82' lang='lat' dir='ltr'>distenlis,</span> <span class='ocrx_word' id='word_1_116' title='bbox 467 2408 704 2499; x_wconf 66' lang='lat' dir='ltr'>Themistum,</span> <span class='ocrx_word' id='word_1_117' title='bbox 744 2409 947 2506; x_wconf 85' lang='lat' dir='ltr'>Simplicius.</span> <span class='ocrx_word' id='word_1_118' title='bbox 1003 2414 1074 2485; x_wconf 85' lang='lat' dir='ltr'>Alii</span> <span class='ocrx_word' id='word_1_119' title='bbox 1110 2435 1257 2508; x_wconf 78' lang='lat' dir='ltr'>contra,</span> <span class='ocrx_word' id='word_1_120' title='bbox 1350 2400 1353 2406; x_wconf 33' lang='lat'>⁸</span> 
     </span>
     <span class='ocr_line' id='line_1_18' title="bbox 249 2532 1258 2634; baseline 0.005 -26"><span class='ocrx_word' id='word_1_121' title='bbox 249 2537 324 2634; x_wconf 83' lang='lat' dir='ltr'>ejus</span> <span class='ocrx_word' id='word_1_122' title='bbox 339 2533 466 2630; x_wconf 88' lang='lat' dir='ltr'>scripta</span> <span class='ocrx_word' id='word_1_123' title='bbox 481 2548 699 2634; x_wconf 75' lang='lat' dir='ltr'>memorant,</span> <span class='ocrx_word' id='word_1_124' title='bbox 716 2532 756 2606; x_wconf 72' lang='grc' dir='ltr'>ἃ</span> <span class='ocrx_word' id='word_1_125' title='bbox 771 2533 883 2605; x_wconf 88' lang='lat' dir='ltr'>locum</span> <span class='ocrx_word' id='word_1_126' title='bbox 899 2533 987 2605; x_wconf 87' lang='lat' dir='ltr'>adeo</span> <span class='ocrx_word' id='word_1_127' title='bbox 1006 2558 1050 2609; x_wconf 84' lang='lat' dir='ltr'>ex</span> <span class='ocrx_word' id='word_1_128' title='bbox 1067 2534 1108 2609; x_wconf 87' lang='lat' dir='ltr'>iis</span> <span class='ocrx_word' id='word_1_129' title='bbox 1123 2542 1258 2632; x_wconf 86' lang='lat' dir='ltr'>profert</span> 
     </span>
     <span class='ocr_line' id='line_1_19' title="bbox 156 2654 1256 2762; baseline -0.002 -26"><span class='ocrx_word' id='word_1_130' title='bbox 156 2752 163 2762; x_wconf 34' lang='lat'><strong>·</strong></span> <span class='ocrx_word' id='word_1_131' title='bbox 253 2661 412 2742; x_wconf 83' lang='lat' dir='ltr'>Galenus.</span> <span class='ocrx_word' id='word_1_132' title='bbox 463 2660 571 2733; x_wconf 87' lang='lat' dir='ltr'>Forte</span> <span class='ocrx_word' id='word_1_133' title='bbox 591 2654 627 2742; x_wconf 88' lang='lat' dir='ltr'>hi</span> <span class='ocrx_word' id='word_1_134' title='bbox 645 2655 721 2732; x_wconf 88' lang='lat' dir='ltr'>libri</span> <span class='ocrx_word' id='word_1_135' title='bbox 738 2674 861 2755; x_wconf 90' lang='lat' dir='ltr'>postea</span> <span class='ocrx_word' id='word_1_136' title='bbox 879 2656 1030 2733; x_wconf 73' lang='lat' dir='ltr'>confetli</span> <span class='ocrx_word' id='word_1_137' title='bbox 1047 2682 1090 2733; x_wconf 90' lang='lat' dir='ltr'>ac</span> <span class='ocrx_word' id='word_1_138' title='bbox 1108 2658 1167 2734; x_wconf 89' lang='lat' dir='ltr'>sub</span> <span class='ocrx_word' id='word_1_139' title='bbox 1183 2663 1256 2757; x_wconf 86' lang='lat' dir='ltr'>ejus</span> 
     </span>
     <span class='ocr_line' id='line_1_20' title="bbox 251 2780 1260 2882; baseline -0.004 -17"><span class='ocrx_word' id='word_1_140' title='bbox 251 2785 390 2866; x_wconf 88' lang='lat' dir='ltr'>nomine</span> <span class='ocrx_word' id='word_1_141' title='bbox 407 2781 538 2882; x_wconf 85' lang='lat' dir='ltr'>vulgati</span> <span class='ocrx_word' id='word_1_142' title='bbox 552 2782 640 2860; x_wconf 86' lang='lat' dir='ltr'>sunt.</span> <span class='ocrx_word' id='word_1_143' title='bbox 667 2780 764 2856; x_wconf 89' lang='lat' dir='ltr'>Nam</span> <span class='ocrx_word' id='word_1_144' title='bbox 780 2783 1004 2874; x_wconf 84' lang='lat' dir='ltr'>Aristoteles,</span> <span class='ocrx_word' id='word_1_145' title='bbox 1023 2782 1049 2858; x_wconf 88' lang='lat' dir='ltr'>sr</span> <span class='ocrx_word' id='word_1_146' title='bbox 1069 2785 1127 2860; x_wconf 89' lang='lat' dir='ltr'>sua</span> <span class='ocrx_word' id='word_1_147' title='bbox 1141 2805 1260 2861; x_wconf 84' lang='lat' dir='ltr'>aetate</span> 
     </span>
     <span class='ocr_line' id='line_1_21' title="bbox 249 2908 1255 3011; baseline 0.001 -24"><span class='ocrx_word' id='word_1_148' title='bbox 249 2910 392 2994; x_wconf 87' lang='lat' dir='ltr'>fuissent</span> <span class='ocrx_word' id='word_1_149' title='bbox 406 2909 452 2984; x_wconf 91' lang='lat' dir='ltr'>illi</span> <span class='ocrx_word' id='word_1_150' title='bbox 468 2908 561 2999; x_wconf 87' lang='lat' dir='ltr'>libri,</span> <span class='ocrx_word' id='word_1_151' title='bbox 586 2932 646 2985; x_wconf 93' lang='lat' dir='ltr'>eos</span> <span class='ocrx_word' id='word_1_152' title='bbox 672 2924 731 2983; x_wconf 91' lang='lat' dir='ltr'>aut</span> <span class='ocrx_word' id='word_1_153' title='bbox 751 2908 921 2982; x_wconf 87' lang='lat' dir='ltr'>habuisset</span> <span class='ocrx_word' id='word_1_154' title='bbox 941 2930 1001 2985; x_wconf 89' lang='lat' dir='ltr'>aut</span> <span class='ocrx_word' id='word_1_155' title='bbox 1020 2934 1088 2985; x_wconf 92' lang='lat' dir='ltr'>non</span> <span class='ocrx_word' id='word_1_156' title='bbox 1103 2912 1255 3011; x_wconf 68' lang='lat' dir='ltr'>ignoras</span> 
     </span>
     <span class='ocr_line' id='line_1_22' title="bbox 189 3032 1255 3133; baseline 0.001 -24"><span class='ocrx_word' id='word_1_157' title='bbox 189 3128 192 3132; x_wconf 19' lang='lat'>⁵</span> <span class='ocrx_word' id='word_1_158' title='bbox 251 3036 316 3112; x_wconf 91' lang='lat' dir='ltr'>set.</span> <span class='ocrx_word' id='word_1_159' title='bbox 333 3067 341 3081; x_wconf 80' lang='lat'>=</span> <span class='ocrx_word' id='word_1_160' title='bbox 363 3032 472 3129; x_wconf 84' lang='lat' dir='ltr'>Atqui</span> <span class='ocrx_word' id='word_1_161' title='bbox 490 3034 520 3107; x_wconf 88' lang='lat' dir='ltr'>is</span> <span class='ocrx_word' id='word_1_162' title='bbox 536 3034 734 3133; x_wconf 88' lang='lat' dir='ltr'>opinionem</span> <span class='ocrx_word' id='word_1_163' title='bbox 750 3032 928 3121; x_wconf 70' lang='lat' dir='ltr'>Thaletis,</span> <span class='ocrx_word' id='word_1_164' title='bbox 951 3032 1078 3108; x_wconf 89' lang='lat' dir='ltr'>Animo</span> <span class='ocrx_word' id='word_1_165' title='bbox 1094 3040 1255 3111; x_wconf 88' lang='lat' dir='ltr'>movendi</span> 
     </span>
     <span class='ocr_line' id='line_1_23' title="bbox 250 3154 1254 3259; baseline 0.002 -24"><span class='ocrx_word' id='word_1_166' title='bbox 250 3159 324 3237; x_wconf 77' lang='lat' dir='ltr'>vim</span> <span class='ocrx_word' id='word_1_167' title='bbox 340 3157 536 3251; x_wconf 90' lang='lat' dir='ltr'>tribuentis,</span> <span class='ocrx_word' id='word_1_168' title='bbox 551 3183 622 3236; x_wconf 92' lang='lat' dir='ltr'>non</span> <span class='ocrx_word' id='word_1_169' title='bbox 639 3183 683 3234; x_wconf 85' lang='lat' dir='ltr'>ex</span> <span class='ocrx_word' id='word_1_170' title='bbox 699 3157 802 3258; x_wconf 87' lang='lat' dir='ltr'>ipfius</span> <span class='ocrx_word' id='word_1_171' title='bbox 825 3157 933 3247; x_wconf 81' lang='lat' dir='ltr'>libre,</span> <span class='ocrx_word' id='word_1_172' title='bbox 947 3154 1005 3230; x_wconf 87' lang='lat' dir='ltr'>sed</span> <span class='ocrx_word' id='word_1_173' title='bbox 1021 3180 1066 3232; x_wconf 84' lang='lat' dir='ltr'>ex</span> <span class='ocrx_word' id='word_1_174' title='bbox 1081 3156 1141 3250; x_wconf 89' lang='lat' dir='ltr'>iis,</span> <span class='ocrx_word' id='word_1_175' title='bbox 1167 3182 1254 3259; x_wconf 82' lang='lat' dir='ltr'>quae</span> 
     </span>
    </p>
   </div>
   <div class='ocr_carea' id='block_1_5' title="bbox 228 3281 1387 4033">
    <p class='ocr_par' dir='ltr' id='par_1_6' title="bbox 228 3281 1387 4033">
     <span class='ocr_line' id='line_1_24' title="bbox 228 3281 1252 3375; baseline 0 -11"><span class='ocrx_word' id='word_1_176' title='bbox 228 3286 237 3352; x_wconf 72' lang='grc' dir='ltr'>ἶ</span> <span class='ocrx_word' id='word_1_177' title='bbox 250 3286 295 3364; x_wconf 94' lang='lat' dir='ltr'>de</span> <span class='ocrx_word' id='word_1_178' title='bbox 310 3286 456 3362; x_wconf 89' lang='lat' dir='ltr'>Thalete</span> <span class='ocrx_word' id='word_1_179' title='bbox 472 3303 724 3375; x_wconf 87' lang='lat' dir='ltr'>memorantur,</span> <span class='ocrx_word' id='word_1_180' title='bbox 740 3281 771 3371; x_wconf 72' lang='grc' dir='ltr'>ἒξ</span> <span class='ocrx_word' id='word_1_181' title='bbox 788 3282 822 3354; x_wconf 65' lang='lat' dir='ltr'>b</span> <span class='ocrx_word' id='word_1_182' title='bbox 839 3285 1112 3374; x_wconf 70' lang='grc' dir='ltr'>ἄπομνημονεῦωσι,</span> <span class='ocrx_word' id='word_1_183' title='bbox 1122 3288 1252 3364; x_wconf 86' lang='lat' dir='ltr'>refert:</span> 
     </span>
     <span class='ocr_line' id='line_1_25' title="bbox 249 3387 1387 3520; baseline -0.004 -32"><span class='ocrx_word' id='word_1_184' title='bbox 249 3414 295 3520; x_wconf 82' lang='lat' dir='ltr'>de</span> <span class='ocrx_word' id='word_1_185' title='bbox 319 3387 434 3489; x_wconf 81' lang='lat' dir='ltr'>Arnim.</span> <span class='ocrx_word' id='word_1_186' title='bbox 462 3415 519 3503; x_wconf 90' lang='lat' dir='ltr'>II,</span> <span class='ocrx_word' id='word_1_187' title='bbox 546 3436 588 3503; x_wconf 84' lang='lat'>2,</span> <span class='ocrx_word' id='word_1_188' title='bbox 614 3434 675 3508; x_wconf 76' lang='lat'>22.</span> <span class='ocrx_word' id='word_1_189' title='bbox 723 3412 828 3488; x_wconf 86' lang='lat' dir='ltr'>Forte</span> <span class='ocrx_word' id='word_1_190' title='bbox 852 3410 955 3486; x_wconf 89' lang='lat' dir='ltr'>etiam</span> <span class='ocrx_word' id='word_1_191' title='bbox 977 3414 1154 3490; x_wconf 84' lang='lat' dir='ltr'>exstabant</span> <span class='ocrx_word' id='word_1_192' title='bbox 1180 3411 1253 3506; x_wconf 79' lang='lat' dir='ltr'>ejus</span> <span class='ocrx_word' id='word_1_193' title='bbox 1384 3503 1387 3513; x_wconf 29' lang='grc' dir='ltr'>Ι</span> 
     </span>
     <span class='ocr_line' id='line_1_26' title="bbox 253 3534 1251 3645; baseline 0.001 -35"><span class='ocrx_word' id='word_1_194' title='bbox 253 3536 634 3638; x_wconf 86' lang='lat' dir='ltr'>Apomnemoneumata</span> <span class='ocrx_word' id='word_1_195' title='bbox 663 3536 829 3645; x_wconf 77' lang='lat' dir='ltr'>quaedam</span> <span class='ocrx_word' id='word_1_196' title='bbox 859 3540 903 3611; x_wconf 93' lang='lat' dir='ltr'>ab</span> <span class='ocrx_word' id='word_1_197' title='bbox 932 3535 1002 3614; x_wconf 84' lang='lat' dir='ltr'>aliis</span> <span class='ocrx_word' id='word_1_198' title='bbox 1032 3534 1251 3633; x_wconf 60' lang='lat' dir='ltr'>conscripta,</span> 
     </span>
     <span class='ocr_line' id='line_1_27' title="bbox 251 3659 1251 3761; baseline -0.002 -20"><span class='ocrx_word' id='word_1_199' title='bbox 251 3662 394 3758; x_wconf 86' lang='lat' dir='ltr'>adquae</span> <span class='ocrx_word' id='word_1_200' title='bbox 407 3664 610 3739; x_wconf 85' lang='lat' dir='ltr'>Aristoteles</span> <span class='ocrx_word' id='word_1_201' title='bbox 632 3662 802 3760; x_wconf 84' lang='lat' dir='ltr'>respexit,</span> <span class='ocrx_word' id='word_1_202' title='bbox 825 3660 999 3761; x_wconf 83' lang='lat' dir='ltr'>inquibus</span> <span class='ocrx_word' id='word_1_203' title='bbox 1017 3660 1098 3742; x_wconf 89' lang='lat' dir='ltr'>illud</span> <span class='ocrx_word' id='word_1_204' title='bbox 1121 3659 1251 3746; x_wconf 62' lang='lat' dir='ltr'>dietum</span> 
     </span>
     <span class='ocr_line' id='line_1_28' title="bbox 249 3781 1251 3892; baseline 0.001 -30"><span class='ocrx_word' id='word_1_205' title='bbox 249 3786 428 3891; x_wconf 84' lang='lat' dir='ltr'>proditum</span> <span class='ocrx_word' id='word_1_206' title='bbox 439 3807 532 3884; x_wconf 82' lang='lat' dir='ltr'>erat:</span> <span class='ocrx_word' id='word_1_207' title='bbox 547 3781 661 3889; x_wconf 59' lang='lat' dir='ltr'>&#39;atque</span> <span class='ocrx_word' id='word_1_208' title='bbox 683 3790 891 3892; x_wconf 86' lang='lat' dir='ltr'>posteriores</span> <span class='ocrx_word' id='word_1_209' title='bbox 909 3785 1099 3888; x_wconf 87' lang='lat' dir='ltr'>Scriptores</span> <span class='ocrx_word' id='word_1_210' title='bbox 1117 3812 1162 3868; x_wconf 83' lang='lat' dir='ltr'>ex</span> <span class='ocrx_word' id='word_1_211' title='bbox 1177 3814 1251 3872; x_wconf 83' lang='lat' dir='ltr'>mo·</span> 
     </span>
     <span class='ocr_line' id='line_1_29' title="bbox 248 3911 1250 4033; baseline -0.002 -37"><span class='ocrx_word' id='word_1_212' title='bbox 248 3916 356 4006; x_wconf 71' lang='lat' dir='ltr'>vendi</span> <span class='ocrx_word' id='word_1_213' title='bbox 371 3911 408 3995; x_wconf 82' lang='lat' dir='ltr'>vi</span> <span class='ocrx_word' id='word_1_214' title='bbox 427 3912 583 4024; x_wconf 81' lang='lat' dir='ltr'>suspicati</span> <span class='ocrx_word' id='word_1_215' title='bbox 605 3916 702 4022; x_wconf 75' lang='lat' dir='ltr'>sunt,</span> <span class='ocrx_word' id='word_1_216' title='bbox 733 3938 814 3990; x_wconf 87' lang='lat' dir='ltr'>eum</span> <span class='ocrx_word' id='word_1_217' title='bbox 834 3912 938 4006; x_wconf 76' lang='lat' dir='ltr'>etiam</span> <span class='ocrx_word' id='word_1_218' title='bbox 956 3914 1250 4033; x_wconf 77' lang='lat' dir='ltr'>Immortalitatem</span> 
     </span>
    </p>
   </div>
   <div class='ocr_carea' id='block_1_6' title="bbox 0 0 1488 4859">
    <p class='ocr_par' dir='ltr' id='par_1_7' title="bbox 0 0 1488 4859">
     <span class='ocr_line' id='line_1_30' title="bbox 0 0 1488 4859; baseline 0 5"><span class='ocrx_word' id='word_1_219' title='bbox 0 0 1488 4859; x_wconf 95' lang='lat' dir='ltr'> </span> 
     </span>
    </p>
   </div>
  </div>
 </body>
</html>
