2967 4859
274 365 345 440 130
392 313 781 418 nouitium-us
816 337 1170 418 nnuvtonnr

134 605 138 612 ¹
268 519 459 616 Cll,cujur
472 514 528 593 vir
540 510 798 612 interpretando
806 511 1059 611 aperitur,&in
1074 515 1269 598 consensum

120 641 123 647 ’
267 663 348 720 oum
364 640 493 739 reliqua
507 636 662 716 domina
674 638 853 739 redigitur
881 705 883 710 .
903 641 1064 738 Conclusro,
1074 646 1144 721 huc
1157 642 1267 722 redit:

266 768 488 865 Philosophos
510 761 700 863 profecisse
722 764 758 841 in
779 790 856 843 eum
882 763 1195 865 quidem-partem,
1227 785 1268 846 ut
1335 767 1342 782 '

267 891 494 983 efficeretm,
519 889 684 968 Animum
706 912 788 993 post
808 891 962 991 corporis
980 910 1134 970 mortem
1155 915 1264 970 rema·

266 1039 375 1092 nere:
409 1016 515 1112 qualit
544 1034 659 1091 autem
682 1015 725 1090 lit
745 1017 852 1092 statur
875 1014 1085 1094 &conditio
1109 1018 1267 1097 Animic

266 1143 413 1238 'corpore
429 1138 546 1230 soluti,
571 1155 741 1216 tentatum
755 1146 801 1218 ab
817 1142 877 1233 iis,
909 1165 979 1219 non
992 1145 1079 1219 item
1094 1143 1267 1221 ostensum

265 1266 349 1340 erse.
398 1262 546 1339 Plurima
559 1265 702 1362 protulit
725 1288 930 1367 argumenta
945 1269 1058 1346 Plato:
1093 1293 1199 1367 aquo
1214 1269 1266 1344 se·
1296 1357 1299 1365 ¹

265 1392 397 1468 cundus
428 1390 548 1467 haberi
579 1391 685 1468 debet
710 1393 865 1490 Cicero,
907 1395 1094 1494 deperditis
1115 1392 1263 1491 ,quidem
1280 1405 1300 1427 ”
1371 1475 1373 1480 ,

263 1516 399 1616 scriptis
423 1515 631 1615 reliquorum
649 1520 793 1597 Veteris
813 1518 1024 1598 Academiae
1041 1521 1264 1619 Philosopho-

262 1666 363 1734 rum,
385 1643 587 1719 Xenocratis
607 1642 858 1733 crematoris,
881 1646 941 1743 qui
955 1645 1101 1721 Platonis
1127 1647 1262 1720 senten·
1386 1752 1387 1756 Ν

262 1767 348 1844 tiam
384 1767 523 1842 uberius
553 1765 804 1862 explicuerunt.
863 1768 1087 1865 ill-rgumenta¹
1119 1768 1271 1868 dupliciu-

262 1892 398 1993 generis'
416 1892 576 1969 fuerunt:
601 1891 658 1965 vel
674 1915 695 1966 a
711 1890 870 1988 praemiis
889 1893 928 1971 &
940 1896 1060 1993 poenis
1076 1897 1262 1995 posthanc

261 2020 370 2096 vitam
395 2017 574 2110 desumto,
604 2041 691 2116 quae
709 2018 781 2116 Jam
802 2035 883 2093 ante
901 2019 1095 2096 ,Thaletem
1123 2020 1265 2094 fuerunt

262 2143 429 2244 quidem,
462 2167 529 2218 nec
549 2162 664 2218 tamen
676 2144 855 2241 perspicue
871 2144 1032 2221 nauata:
1059 2146 1115 2221 vel
1127 2170 1172 2223 ex
1188 2144 1264 2243 ipsa

259 2288 381 2348 natura
390 2265 507 2342 Animi
518 2264 667 2361 repetita
675 2267 869 2362 pquaeinde
877 2269 1015 2342 demum
1024 2246 1259 2347 inventa'sunt
1345 2265 1351 2275 ’

255 2396 413 2485 Omnes,
439 2393 496 2490 qui
513 2391 677 2468 Animum
700 2391 840 2491 corpori
860 2393 1034 2492 superesse
1050 2396 1260 2494 statuerem,

259 2522 295 2598 in
311 2520 362 2599 his
379 2521 454 2595 fere
469 2516 658 2594 rationibus
677 2520 937 2600 consenserunt:
949 2522 1112 2599 Animum
1123 2521 1260 2598 etsevel

259 2648 462 2751 participem
480 2644 627 2720 Divinae
643 2663 807 2735 naturae,
834 2647 889 2721 vel
903 2664 1038 2741 partem
1053 2648 1155 2745 ipsius
1169 2649 1261 2743 Dei,

157 2819 162 2830 ·
259 2794 445 2878 propterea
461 2770 553 2862 quod
570 2767 745 2864 cogitandi
764 2767 801 2840 vi
820 2768 995 2864 praeditus
1009 2769 1118 2860 fit,&
1132 2772 1260 2868 princi·
1350 2753 1355 2768 ’

258 2896 354 2997 pium
372 2890 601 2967 aclionunm
617 2891 653 2965 se
676 2888 750 2988 ipse
768 2892 913 2985 habeat3
943 2894 1050 2995 igitur
1073 2921 1153 2974 eum
1178 2920 1256 2973 cor·

258 3021 352 3123 poris
375 3038 488 3096 morte
504 3041 574 3095 nou
597 3016 752 3109 destrui,
787 3018 847 3092 sed
872 3020 927 3118 uel
944 3021 1078 3122 semper
1099 3045 1260 3117 manere,

257 3148 352 3249 quod
376 3145 619 3246 Pythagoricis
644 3144 683 3221 ἃ
715 3145 897 3224 Platonicis
920 3148 1078 3244 placuit,
1116 3151 1175 3226 vel
1199 3151 1259 3228 diu

147 3343 151 3350 .
259 3297 417 3384 manere,
441 3297 483 3348 ac
509 3266 698 3347 tandemin
717 3270 882 3348 Divinam
902 3294 1057 3354 naturam
1084 3298 1258 3380 tamquam

258 3402 466 3478 elementum
494 3400 592 3475 suum
620 3395 786 3490 dissolvi,
820 3403 913 3501 quod
930 3403 1039 3479 Stoici
1054 3404 1260 3484 statuebant.

260 3531 387 3628 Ejus·a
417 3523 688 3623 corpore-soluti
711 3544 845 3601 certum
864 3528 940 3604 esse
955 3530 1184 3620 domicilium,
1219 3528 1260 3609 ἂ

258 3656 390 3731 sensum
401 3635 728 3755 perceptionemque
741 3675 857 3727 rerum
872 3659 1111 3748 externarum,
1136 3654 1261 3732 statue·

258 3785 342 3860 bant
361 3781 523 3877 quidem,
550 3798 747 3856 nontamen
766 3764 809 3855 en
821 3778 931 3854 firmis
947 3784 1179 3881 argumentis,¹
1200 3777 1260 3864 sed

239 3882 460 4000 ‘cx'vulgari
477 3899 637 3999 opinione
653 3925 713 3996 aut
727 3903 973 4001 imaginationis
983 3908 1129 3991 luxurie.

1020 4203 1052 4256 Ι
