2967 4859
389 409 524 505 nini.
549 425 577 500 1.
603 401 1103 502 sclstuurounnus'nm.
1205 440 1253 521 95
1323 435 1335 454 ³

244 613 380 705 quoque
395 605 429 678 in
446 606 548 679 rebus
571 595 674 698 gestis
691 596 859 674 consumit
876 625 886 676 :
919 604 1027 678 veluti
1043 603 1088 677 de
1112 605 1245 680 Hanni.

245 735 321 812 bale
342 731 420 830 Syr.
452 733 535 827 Cap.
564 751 632 802 10:
659 727 704 799 de
730 723 969 823 Epaminonda
996 753 1063 821 41:
1090 730 1126 804 in
1146 734 1249 807 rebus
1291 740 1295 746 '

245 856 380 933 Seleuci
393 856 497 932 Primi
518 876 596 949 cap.
607 856 657 941 56
679 890 732 948 ·'·.
756 854 895 943 64tubi
909 877 997 951 quae
1012 852 1192 928 traduntur
1205 854 1249 928 de

138 1079 141 1088 Ι
246 981 426 1058 condenda
442 982 596 1059 Seleucia
612 981 721 1066 urbe,
746 977 790 1051 de
807 979 926 1076 Magis
941 979 979 1055 dc
995 979 1173 1075 Oraculis,
1208 978 1253 1054 de
1327 1060 1335 1071 ,

140 1091 146 1114 ⁸
245 1107 417 1185 Antiochi
435 1110 557 1200 morbo
577 1106 615 1184 ἃ
633 1126 752 1182 amore
769 1121 852 1200 erga
862 1105 1114 1197 stratonicem,
1139 1129 1160 1179 e
1182 1103 1252 1181 stu·
1302 1115 1305 1122 '

129 1325 133 1332 ,
246 1235 304 1313 dio
329 1232 583 1311 &imitatione
610 1233 838 1311 Herodoteae
862 1221 1151 1329 suaviloquentiae
1170 1258 1252 1335 pro·

243 1358 338 1437 fona
365 1360 538 1433 videntur.
578 1361 695 1443 ¹Porro
711 1356 749 1433 in
779 1374 977 1457 temporum
1003 1360 1190 1437 notatione‘
1207 1381 1251 1435 ac

247 1483 479 1581 descriptione
491 1484 672 1578 locorum,
705 1486 765 1559 seu
785 1485 821 1559 in
845 1483 1075 1580 Chronologia
1095 1483 1135 1557 dc
1160 1483 1256 1557 Geo-

247 1612 422 1711 graphia‚
455 1610 587 1708 magnis
610 1609 778 1689 Historici
796 1606 948 1699 officiis,
980 1606 1178 1705 infrequens
1203 1604 1255 1681 est

247 1734 287 1812 dc
300 1734 418 1833 paucis
439 1735 652 1835 defungitur.
677 1738 736 1812 De
752 1738 812 1814 illo
831 1735 905 1835 ipse
922 1737 1052 1811 fatetur
1075 1735 1110 1809 in
1126 1717 1254 1808 Prooe-

247 1858 337 1938 mi0:
365 1878 521 1958 tempora
535 1862 663 1959 ubique
680 1883 802 1940 notare
814 1867 1107 1961 supervacaneum
1118 1859 1151 1932 se
1168 1856 1270 1953 judi.
1365 1951 1369 1960 r

248 1984 362 2073 casse,
387 1981 493 2078 igitur
511 2007 636 2057 ennon
661 1984 723 2057 nist
740 2009 805 2080 per
821 1988 998 2060 intervalla
1020 1983 1255 2059 inillustriori⁴
1303 2073 1306 2090 Ι

161 2184 169 2189 .
248 2110 313 2186 bus
337 2109 441 2183 rebus
463 2106 608 2184 notasse.
635 2109 758 2187 Oratio
782 2109 834 2187 est
850 2169 861 2203 ,
880 2135 959 2188 cum
977 2111 1011 2188 in
1027 2105 1164 2206 singulis
1180 2130 1257 2181 ver·
1306 2101 1309 2111 '

249 2234 301 2313 bis
314 2254 389 2310 tum
404 2235 441 2307 in
459 2233 735 2330 compositione,
759 2234 928 2337 simplex,
951 2238 1151 2339 perspicua,
1169 2244 1259 2317 bene
1317 2309 1319 2314 .

249 2354 405 2451 Graeca,
418 2362 553 2455 elegans
569 2361 639 2436 sme
648 2363 891 2455 affediatione,
905 2365 950 2437 ad
968 2368 1142 2443 Veterum
1156 2371 1260 2445 ratio·

115 2457 145 2492 ι’
249 2509 331 2562 nem
353 2484 600 2572 conformata3
636 2485 685 2556 ita
712 2504 828 2590 tamen
856 2504 896 2558 ut
920 2490 1028 2581 magis
1053 2491 1131 2564 suus
1157 2518 1258 2589 quam

249 2609 378 2687 alenus
394 2607 456 2696 fit,
479 2627 547 2681 nec
561 2605 687 2682 imitari
703 2609 810 2684 soleat
822 2605 882 2681 rifi
902 2604 996 2682 sorte
1011 2613 1255 2708 Herodotum,

251 2755 321 2814 non
336 2734 474 2834 quidem
500 2734 630 2811 infuso
651 2734 811 2811 narrandi
826 2755 975 2836 genere,
998 2739 1057 2815 sed
1086 2741 1122 2815 in
1138 2746 1254 2823 verbis

250 2865 325 2939 fere
339 2861 531 2939 &dicendi
553 2860 735 2937 coloribus.

235 3045 237 3050 s
300 2994 465 3089 Superest
485 3006 526 3063 ut
550 2988 735 3086 specimina
758 2981 908 3059 Criticae
924 3007 1052 3083 operae
1080 2992 1260 3085 proferan.

254 3133 333 3208 tur,
357 3113 449 3188 unde
479 3112 687 3211 intelligatur
701 3111 791 3187 illam
819 3110 923 3185 etiam
951 3114 1093 3190 alteram
1107 3114 1263 3195 Editioni

253 3240 335 3316 huic
364 3238 521 3316 constare
545 3240 701 3330 laudem,
736 3236 807 3334 qud
829 3235 976 3314 diximus
1000 3244 1111 3341 Operi
1132 3245 1259 3321 sanita·

253 3382 325 3441 tem
344 3364 537 3442 restitutam
554 3367 637 3442 esse.
689 3366 787 3441 Nam
813 3362 848 3437 in
869 3366 1080 3443 emendanda
1107 3369 1263 3447 oratione

152 3513 155 3518 ·
253 3489 524 3589 explicandaque
545 3491 712 3569 sententia
734 3488 922 3588 praecipue
943 3489 1157 3569 &maxime
1179 3521 1263 3598 ope·
1341 3575 1345 3596 .-

147 3602 151 3608 ’
253 3636 326 3687 ram
357 3618 470 3715 posuit
496 3619 644 3695 Editor:
683 3614 876 3693 Historiam
898 3615 1043 3696 aliamve
1070 3622 1262 3704 dodirinant
1313 3653 1315 3658 ·

192 3780 196 3785 ·
254 3739 494 3836 obiter,⁸nec
524 3745 587 3821 nili
615 3743 818 3820 emendandi
841 3743 1161 3851 interpretandique
1184 3756 1263 3834 offi-

254 3864 310 3941 cio
351 3875 569 3967 postulante,
619 3869 747 3970 attigit.
809 3874 971 3953 Ceterum
1014 3876 1200 3977 specimina
1236 3903 1259 3956 e

254 3991 436 4075 Prooemio
459 3997 499 4074 dc
522 3999 666 4099 syriaco
692 3999 801 4080 Libro
830 4020 959 4102 esunt,
994 4006 1260 4107 adjmte'amque

1160 4136 1266 4216 habe·
