2967 4859
241 419 266 489 4
325 349 460 475 ιιξιιι·
485 381 1162 476 nmrnrnnvrnsronrnsrn

247 570 449 671 spanhemio
473 590 565 644 tanta
595 570 766 647 dodlrinae
790 571 915 647 veteris
937 572 1034 671 copia
1063 593 1200 714 quanta
1213 572 1245 649 in'
1271 655 1274 663 ,

250 696 391 800 paucis:

304 958 373 1029 Nc'c
388 974 493 1030 tamen
508 956 566 1031 doc
582 962 743 1050 tribuens,
766 932 898 1034 diderint
913 957 1167 1055 quoquotum,¹
1241 933 1247 980 ³¹

256 1195 381 1305 ingenii
402 1225 542 1282 acumen
563 1208 845 1307 elegantiamque,
868 1210 1005 1287 rationis
1029 1183 1255 1310 diligentiam,

181 1375 185 1382 ·
257 1335 415 1411 orationis
440 1333 728 1433 perspicuitatem,
761 1327 916 1413 dationis
950 1340 1099 1414 Graecae
1119 1319 1258 1434 accura-

259 1481 327 1537 tam
347 1458 529 1536 scientiam.
571 1455 673 1535 alliud
691 1443 858 1536 'est'n'rult'a
875 1464 992 1556 legere,
1019 1453 1267 1540 aliud'mnlruim

260 1584 479 1686 spanhemius
492 1582 623 1675 multa,
648 1607 716 1659 non
737 1585 900 1690 multum,
925 1589 1069 1683 legerat3
1090 1601 1130 1657 ut
1151 1581 1262 1654 erudi·

178 1766 181 1771 >
253 1709 313 1783 tio
328 1710 399 1805 ejus
418 1708 544 1782 censeri
564 1710 684 1784 debeat
700 1684 918 1781 multitudine¹
930 1734 974 1784 ae
986 1709 1170 1798 varietate,
1194 1685 1263 1781 non

259 1831 298 1907 vi
315 1855 354 1903 ac
371 1831 535 1907 ratione..
566 1809 818 1930 Cujus'quidem
843 1831 892 1904 rei
911 1831 1106 1927 ·srequentia
1131 1832 1206 1905 sunt
1229 1831 1263 1904 in

262 1957 360 2055 iplius
393 1959 643 2033 Commentario
671 1960 891 2032 documenta:
934 1955 991 2028 ubi
1015 1947 1111 2052 saepe
1141 1938 1189 2031 ita
1218 1955 1267 2029 eli

261 2084 367 2158 traria
387 2080 523 2177 fusaque
542 2082 747 2181 disputatio,
763 2103 813 2158 -ut
827 2099 896 2177 quo
919 2080 1085 2178 pertineat
1107 2105 1176 2156 non
1210 2097 1268 2178 ap·

254 2222 397 2303 pareat:
427 2205 524 2302 saepe
549 2208 709 2280 orationis
738 2230 779 2280 ea
802 2205 1001 2292 obscuritas,
1036 2223 1075 2278 ut
1095 2229 1189 2301 quae
1226 2206 1249 2277 s
1241 2220 1269 2276 t

263 2328 428 2405 sententia
448 2350 517 2402 non
551 2326 713 2426 capiatur.
754 2332 830 2404 De.
844 2310 1096 2438 constituendae
1120 2330 1265 2427 denique

264 2457 367 2534 ve'rae
387 2435 539 2529 tottionis
560 2452 721 2529 facultate
744 2454 826 2552 quid
848 2454 983 2527 dicam?
1018 2431 1167 2564 Vereor
1178 2450 1268 2526 enim

266 2607 328 2659 ne
336 2583 470 2681 gravius
491 2582 558 2656 hoc
581 2606 600 2654 a
629 2584 824 2694 quibusdam
855 2577 1055 2673 accipiatur:
1087 2576 1266 2651 dicendum

245 2728 378 2783 tamen
407 2728 460 2779 est
491 2689 644 2779 veritatis
674 2708 797 2777 caussa.
854 2704 974 2773 Hebes
1008 2703 1111 2796 igitur
1134 2701 1201 2771 fuit
1225 2702 1268 2774 ad

146 2892 150 2900 .
265 2826 576 2905 animadvertendas
592 2826 819 2920 corruptelas
827 2825 993 2897 hebetior
1012 2827 1113 2898 etiam
1133 2826 1173 2898 ad
1196 2849 1270 2898 cor·

265 2949 430 3048 figendas.
452 2995 456 3000 ·
479 2932 609 3049 Neque
625 2966 737 3024 tamen
754 2933 963 3025 reticendum
979 2968 1051 3037 est,
1077 2950 1192 3023 harum
1211 2951 1273 3035 do,

268 3098 344 3152 turn
365 3076 544 3152 absentiam
572 3075 1089 3173 compensatamquodammodo
1120 3080 1191 3152 esse
1220 3079 1273 3153 illa

270 3202 381 3279 variae
395 3201 566 3276 doetrinae
584 3201 695 3297 copia:
720 3200 779 3275 ad
780 3200 877 3298 cnjus
892 3202 1107 3278 ledlionemfi
1125 3206 1198 3301 quis
1217 3208 1273 3301 ju·

268 3324 348 3400 dicii
367 3325 571 3423 diligentiam
588 3326 763 3419 afferat,
752 3350 780 3399 rs
796 3326 886 3406 liau‘d
897 3330 1109 3475 mediocrem
1119 3328 1273 3474 {ratium

272 3472 392 3547 capere
372 3450 580 3548 possit.
575 3497 581 3504 -
665 3462 696 3472 ’·
753 3527 757 3532 ,
911 3459 916 3474 “

323 3581 484 3651 Ceterum
500 3577 562 3653 lrao
578 3576 679 3653 etiam
695 3577 845 3679 in-parte
870 3607 983 3658 meum
1008 3579 1180 3680 negotium
1206 3576 1275 3652 dif-

273 3699 340 3773 fert
355 3702 397 3773 ab
414 3702 485 3778 istis
504 3704 663 3803 Regalis,
677 3707 778 3805 ¹quod
795 3693 861 3804 ego
876 3711 1014 3784 aliorum
1038 3706 1151 3805 potius
1177 3688 1287 3778 libro-⁹

271 3846 346 3898 rum
362 3851 460 3923 quam
484 3819 717 3926 Spanltenliani
732 3835 967 3908 Commentarii
986 3827 1120 3907 lediioni
1144 3824 1278 3902 demum

274 3949 396 4046 Juliani
410 3951 664 4054 intelligentiam
686 3959 806 4037 debui:
831 3958 989 4057 quodque
1007 3937 1075 4038 non
1097 3971 1276 4054 perpetuas

1204 4098 1277 4152 am·
