2967 4859
337 423 471 500 uuir.
498 427 526 499 1.
552 416 1042 503 seuwurormuusrur.
1135 453 1183 526 9,

185 625 295 701 gero,
320 598 464 690 vossio,
489 599 668 693 Fabricio,
694 623 839 700 quotum
861 600 1099 676 auctoritatem
1124 601 1191 679 liu·

184 728 261 826 guli
277 728 350 802 fere
366 730 404 805 dc
422 726 569 804 universi
586 725 833 821 sequebantur,
848 727 1049 823 compilator
1067 726 1190 802 nullius

169 893 174 902 =
179 852 306 952 judicii
322 879 365 929 ac
374 853 563 953 plagiarius
583 849 622 927 ἃ
645 850 780 929 habitus
795 850 835 930 dc
858 851 1050 928 nominatus
1066 870 1139 927 est:

283 1106 354 1181 Nec
373 1043 486 1207 inisero
496 1099 639 1203 prodisse
653 1104 688 1178 in
704 1102 766 1178 toli
787 1117 922 1201 ternpore
945 1102 1079 1197 quibat,
1120 1162 1126 1172 .

153 1353 278 1450 quod
297 1355 429 1450 reliquo
451 1356 488 1427 in
514 1354 633 1450 Opere
655 1351 738 1428 boni
760 1375 802 1428 ac
827 1351 996 1462 diligentis
1016 1352 1186 1431 Historici
1233 1332 1235 1336 ,
1278 1435 1280 1440 ,

181 1501 329 1554 munere
349 1478 487 1553 funibus
505 1479 610 1551 esset:
627 1497 692 1550 nec
706 1474 930 1553 audiebantur
946 1479 1082 1573 patroni
1096 1483 1187 1575 ejus,

181 1602 244 1702 qui
266 1603 322 1679 vel
342 1620 481 1676 tenuem
499 1600 726 1680 excusationis
747 1618 882 1697 partem
900 1603 1106 1699 proderent,
1125 1628 1201 1680 ve··

181 1729 247 1805 luti
264 1729 459 1828 Xylander,
481 1728 683 1832 Balduirrus,
708 1726 979 1816 Freinshemius,
993 1730 1184 1838 Reimarus.

181 1857 292 1954 Atqui
313 1858 339 1933 fi
360 1855 539 1955 Appianus
555 1875 620 1928 nec
637 1835 758 1929 auitor
779 1873 833 1929 est
851 1856 1002 1935 Parthici
1020 1858 1096 1935 libri
1108 1849 1128 1954 ,’
1144 1860 1184 1936 &
1341 1935 1346 1944 ,

180 1979 219 2055 in
242 1980 381 2078 reliquis
403 1977 496 2053 libris
524 1973 736 2070 probabilem
766 1978 907 2052 navavit
934 2002 1100 2073 operam,
1128 2009 1183 2055 re·

179 2103 302 2207 stituta
336 2105 369 2177 ei
396 2122 450 2179 ert
481 2097 695 2176 existimatio.
746 2101 844 2178 Prius
872 2120 1034 2177 accurate
1063 2106 1183 2181 docuit

180 2228 545 2327 Schweighaeuserus:
568 2226 740 2324 posterius
765 2253 786 2303 e
808 2228 963 2329 diligenti
977 2230 1184 2328 reliquorum

179 2352 344 2430 librorum
361 2354 508 2430 lectione
525 2348 564 2425 ἀ
580 2374 660 2427 curn
674 2352 837 2432 Parthico
853 2355 939 2432 libro
955 2356 1183 2454 comparatio·

178 2503 228 2554 ne
247 2479 457 2574 intelligitur.

230 2600 398 2699 Equidem
417 2597 533 2675 adhuc
560 2600 611 2673 de
624 2596 786 2696 Appiano
801 2601 858 2693 ita
878 2604 1021 2693 censeo,
1048 2621 1086 2676 ut
1104 2626 1184 2677 eum

177 2726 319 2828 optimis
335 2703 528 2800 Historicis.
539 2726 646 2801 veluti
666 2726 891 2821 Thucydidi,
904 2725 1026 2822 Livio,
1039 2728 1077 2805 dc
1096 2729 1185 2804 fimi·

176 2859 267 2934 libus
299 2876 366 2929 nec
395 2851 648 2950 adjungendum
675 2870 741 2956 nec
772 2851 874 2950 longe
906 2857 1184 2951 postponendum

138 2961 154 2992 ²
172 2977 340 3079 judicem.
389 2978 644 3075 Argumentum
670 2959 795 3051 tracta
817 2997 925 3071 grave
948 2975 987 3048 ὅι
1013 2982 1186 3075 amplum,

177 3128 252 3181 res·
268 3104 447 3199 Romanas¹
468 3103 560 3178 dorni
588 3101 742 3199 forisque
770 3116 913 3195 gestas:
950 3101 1057 3179 multa
1079 3102 1183 3181 etiam
1308 3083 1310 3088 ⁵

179 3229 309 3323 tradit,
335 3248 480 3324 quorum
502 3226 681 3314 notitiam,
705 3208 859 3302 intanta
884 3226 1092 3326 reliquorum
1115 3234 1182 3308 Hi·
1289 3320 1295 3329 ‚

134 3431 139 3438 .
177 3346 386 3435 storicorum
407 3350 581 3450 paucitate
601 3351 639 3426 dc
657 3351 811 3451 judium,
837 3352 870 3426 ei
894 3351 954 3429 soli
976 3353 1183 3438 debeamus:

179 3506 238 3559 res
256 3485 395 3560 aliorum
419 3479 625 3577 populorum
643 3477 809 3561 hacteuus
826 3499 994 3555 memorat
1018 3503 1185 3582 quatenus

179 3626 264 3685 cum
287 3608 452 3700 Romanis
478 3610 581 3683 rebur
606 3604 808 3703 conjundite
830 3606 989 3682 fuerunt}
1015 3614 1184 3695 anteriora

178 3750 243 3807 aut
257 3734 409 3810 breviter
423 3733 584 3835 attingit,
622 3751 661 3806 ut
679 3730 868 3830 Hispanico
883 3731 922 3807 tic
937 3733 1091 3831 Punica,
1123 3764 1184 3821 aut
1261 3823 1265 3830 ,

180 3857 357 3955 copiofius
373 3863 502 3968 refert,
526 3881 566 3934 ut
579 3884 614 3936 v.
640 3881 672 3934 c.
698 3859 857 3959 Syriaca,
877 3883 965 3958 quae
991 3887 1012 3940 a
1034 3866 1188 3947 Seleuci·

188 3980 228 4061 di
256 3984 398 4084 repetit·
431 3984 515 4062 Belli
531 4003 690 4100 tempora
704 3984 945 4084 persequitur,
976 3993 1072 4088 pacis
1087 4016 1187 4092 prae·
1227 4015 1232 4027 ⁴

1094 4134 1192 4209 tesltg
