2967 4859
286 379 725 484 ‘natationes
765 399 1115 494 sandronas
1167 424 1239 502 ης
1376 442 1378 448 -

246 598 364 677 queat,
395 575 585 674 praesertim
613 578 649 651 in
672 579 811 675 poetis,
846 580 1030 669 Homero,
1068 579 1240 673 Hefiodo,
1297 580 1301 594 '

241 704 404 803 aliisque,
430 706 545 800 prosae
571 699 672 776 etiarn
704 703 938 802 scriptoribus
952 702 1010 794 iis,
1034 706 1124 801 apud
1147 732 1241 805 quos

242 828 435 929 frequentes
450 827 526 902 sunt
549 828 758 919 voces,alibi
778 846 837 944 qut
857 851 952 920 raro,
982 848 1041 904 aut
1057 854 1241 928 nusquam,

236 955 385 1047 -obviae3
408 974 449 1030 ut
464 955 644 1034 earunruis
658 977 731 1029 non.
743 975 788 1028 ex
804 939 948 1050 ulu.,sed
962 980 1006 1030 ex
1021 954 1168 1046 ratione,
1189 960 1263 1034 in·².
1362 1048 1366 1056 ι

238 1070 421 1179 colligenda
436 1081 488 1158 stt.
538 1078 923 1178 Itaqueindearenatis
945 1080 1069 1171 literis,
1093 1099 1132 1155 ut
1152 1080 1243 1177 quisq

241 1230 308 1301 que
331 1204 518 1292 accuratius
546 1207 708 1281 Graecam
731 1202 878 1301 linguam
901 1203 1030 1295 tenuit,
1063 1201 1112 1278 ita
1139 1204 1245 1301 majo

237 1352 311 1410 rem
356 1329 540 1425 Analogiae
572 1330 745 1410 rationem.⁴
772 1328 896 1418 duruit,
933 1330 1041 1405 veluti
1073 1328 1243 1427 principes

233 1453 303 1548 illi,
330 1452 560 1542 casaubonus,
584 1455 751 1552 Scaliger,
775 1453 967 1545 Salmasius,
992 1453 1063 1546 alii,
1088 1456 1146 1554 qui
1170 1458 1243 1552 ejus
1339 1515 1343 1521 .

234 1595 362 1678 partes
384 1578 440 1665 vel
471 1576 678 1676 attigerunt,
702 1580 766 1656 vel.
789 1580 986 1656 tractarunt.
1035 1580 1102 1655 Sed
1125 1582 1244 1657 eadem

236 1706 338 1802 apud·
357 1723 515 1794 exteros,
554 1704 646 1800 quod
668 1704 785 1799 sciam,
816 1706 969 1804 ignorata
990 1721 1050 1802 aut
1069 1707 1245 1804 neglecta,
1372 1784 1376 1794 ,

237 1828 327 1927 apud.
357 1828 440 1902 s0108
468 1827 606 1925 vigebat
637 1834 803 1922 Batauos,
835 1831 925 1930 apud
957 1855 1042 1926 quos
1072 1850 1145 1899 earn
1166 1825 1242 1899 fere
1297 1891 1311 1910 ,

236 1949 491 2036 intermortuam
522 1951 716 2038 instauravit
753 1950 914 2027 Tiberius
933 1948 1241 2043 ¹Hemsterhusrus,

202 2091 207 2098 ’
236 2079 374 2175 ejusque
393 2072 549 2168 exemplo
564 2072 819 2170 frequentarunt
839 2074 967 2172 egregii
984 2071 1070 2163 viri,
1094 2072 1243 2150 Valcke.

236 2203 372 2292 narius,
404 2194 616 2293 Lennepius,
658 2197 901 2281 Ruhnkenius,
933 2200 998 2277 alii.
1057 2199 1240 2289 Ceterum,

236 2317 339 2404 iidem
362 2324 427 2401 viri
452 2325 487 2396 in
508 2322 698 2396 Aublorum
712 2299 843 2398 libris'a
863 2326 897 2397 se
914 2327 1013 2398 editis
1035 2345 1108 2398 eam
1127 2320 1243 2397 subin·

235 2454 280 2528 de
295 2448 337 2522 ad
354 2442 665 2537 intermetationem
679 2442 901 2540 adhibebant,
926 2437 1138 2548 peculiariter
1159 2471 1243 2525 con·

234 2577 390 2674 scriptam
413 2571 458 2660 ,ἃ
478 2570 513 2644 in
536 2569 707 2644 docln‘nae
726 2597 848 2667 corpus
874 2573 1042 2647 redactam
1065 2595 1139 2644 non
1161 2571 1243 2645 ede·

237 2708 329 2782 bant.
381 2698 483 2795 Cujus
498 2694 547 2768 rei
563 2695 708 2770 caussam
722 2720 800 2770 curn
819 2696 993 2793 aliquando
1021 2721 1066 2772 ex
1093 2695 1244 2782 Valckei

177 2867 183 2878 ,
234 2829 328 2904 nario
346 2846 563 2924 quaererem,
587 2821 634 2895 ita
650 2846 727 2898 eum
752 2811 952 2923 respondere
971 2822 1126 2926 memini:
1150 2825 1244 2900 Ana·

235 2955 373 3051 logiam,
403 2950 536 3044 ajebat,
561 2947 597 3021 in
622 2946 738 3022 scholis
764 2948 849 3021 tradi
869 2951 987 3046 posse,
1011 2950 1144 3026 edendo
1165 2950 1243 3025 vul.

235 3078 306 3174 gari
329 3096 396 3146 non
426 3074 539 3166 posse:
573 3071 699 3139 etenim
723 3068 933 3141 Esorericum
947 3071 1027 3163 quid
1050 3093 1122 3144 eam
1148 3072 1239 3164 csse,

236 3199 327 3299 quod
346 3219 414 3269 non
432 3194 528 3269 facile
546 3195 706 3289 probetur
722 3191 781 3265 nist
797 3191 989 3288 disciplinae
999 3199 1239 3294 alumnis-pau·

235 3328 326 3405 latim
347 3321 379 3395 ei
415 3319 531 3393 ssuetis
553 3317 661 3415 eaque
685 3318 840 3394 imbutis:
864 3324 962 3396 novis
984 3350 1025 3400 ac
1048 3324 1239 3400 recentibus

237 3448 417 3526 adhibitam
432 3445 573 3543 ingeniis
590 3507 598 3528 ,
632 3445 822 3541 praesertim
839 3444 907 3518 fine
930 3472 1018 3521 voce
1039 3451 1152 3526 idonei
1168 3475 1239 3525 ma·

236 3576 345 3676 gistri.
372 3597 437 3650 nec
462 3572 594 3670 probari
616 3594 680 3643 nec
703 3573 855 3668 placere3
879 3571 982 3667 rgitur
1004 3573 1038 3646 se
1056 3599 1129 3653 eam
1157 3602 1239 3655 con.

234 3701 439 3779 scribendam
457 3696 525 3775 aliis
549 3698 752 3796 relinquere,
776 3700 833 3792 qui
857 3718 1112 3798 praeceptorum
1136 3702 1238 3779 subd.
1297 3725 1304 3740 ·

234 3826 363 3902 litatem
387 3826 426 3901 dr
446 3826 678 3923 jejunitatem,
703 3822 861 3899 orationis
880 3825 1045 3901 suavitate
1067 3807 1259 3928 exemplo,
1350 3805 1352 3809 ¹

234 3976 376 4051 rumque
400 3953 564 4027 varietate
587 3931 793 4039 exultarent,
817 3969 918 4048 atquc
946 3953 987 4029 ad
1001 3932 1238 4050 ¹sensumscap·

1150 4100 1239 4157 tum·
1386 4124 1387 4133 ¹
