2967 4859
356 384 559 473 sorr.
605 391 634 466 r
679 379 707 468 r.
759 325 1148 471 urrerem-7
1186 401 1243 493 rr

242 599 301 654 nes
315 575 357 648 ad
373 572 456 647 illius
472 566 591 643 aetatis
607 565 778 655 homines,
804 569 1246 664 Imperatores‚eaesares,=

216 763 221 778 .
241 700 466 801 magistratus,
484 695 582 776 alios,
598 693 706 765 autde
716 691 916 781 iisdem,vel
924 695 1049 769 habitas
1066 698 1121 771 vel
1136 696 1235 794 scrip

240 847 301 901 tas.
352 825 537 911 Tertium,
575 817 667 890 idem
693 818 782 892 haud
808 820 909 895 dubie
935 822 1008 894 ueri
1028 823 1235 919 argumenti,

240 972 293 1027 est
327 949 539 1048 Epistolicum.
573 943 619 1015 Et
642 942 808 1039 Epistolas
830 946 964 1042 quidem
986 969 1120 1038 omnes,
1151 965 1238 1047 quor

241 1077 378 1174 reperiri
396 1059 601 1173 potueruntj
624 1089 694 1142 uno
706 1068 877 1143 volumine
895 1056 1032 1145 ¹'somnae
1054 1074 1237 1164 marmiae,

239 1229 325 1276 unno
341 1202 436 1297 hujus
450 1196 549 1270 seculi
566 1195 733 1293 trigesimo
764 1196 908 1278 ottavo,
942 1198 1047 1290 edidit
1069 1199 1238 1297 Johanner

244 1326 500 1420 christophorus
518 1321 685 1395 Wolfius:
711 1316 788 1390 sutis
811 1322 1042 1417 probabiliter,
1069 1325 1164 1415 ur‚s1
1183 1330 1239 1395 re.

241 1455 406 1548 liquorum
419 1470 559 1543 operum
576 1443 711 1518 similem
729 1442 925 1521 haberemus
943 1449 1125 1523 editionem
1144 1504 1154 1536 ,
1178 1471 1242 1520 no·

239 1601 317 1653 vam
339 1573 448 1647 minus
481 1569 761 1645 desiderassemus.
821 1570 913 1646 Nam
935 1573 1079 1665 horum,
1111 1578 1241 1674 plenior

194 1791 198 1802 ¹
240 1703 395 1801 quidem,
423 1698 521 1775 unica
545 1716 597 1770 est
618 1697 724 1773 editio
744 1695 911 1772 Frederiti
943 1700 1080 1774 Morelli
1107 1700 1240 1775 duobur

240 1823 464 1903 voluminibus
483 1822 612 1897 formae
627 1817 807 1897 masmae:
832 1841 974 1921 quorum
991 1827 1121 1922 priore,
1146 1827 1243 1902 Anni
1332 1829 1334 1834 '

153 1949 156 1957 ’
243 1956 363 2039 1606,
396 1952 599 2045 Sophijlicn,
631 1951 755 2032 altero,
788 1947 881 2018 A'nni
920 1951 1055 2040 1627,'
1083 1955 1238 2022 oratoria

240 2070 479 2146 continentum
517 2068 574 2140 Ac
589 2068 738 2143 Morello
756 2066 862 2165 gratia
880 2066 1030 2143 habenda
1045 2088 1116 2162 est,
1138 2074 1240 2172 ·quod

240 2219 280 2275 ut
296 2199 365 2294 ipse
377 2213 512 2293 poterat
532 2193 581 2266 ita
594 2189 725 2264 Libanii
739 2207 842 2287 opera
874 2189 1101 2291 frequentiora
1128 2201 1240 2274 reddis

238 2325 289 2398 dit
305 2349 317 2414 3
339 2343 539 2419 quamquam
555 2315 594 2392 dr
610 2317 739 2391 Graeca
753 2315 852 2390 valde
868 2316 988 2391 vitiosa
1002 2311 1171 2396 exhibuir-.
1198 2325 1239 2400 δε

237 2444 442 2520 vitiosiorem
459 2443 560 2515 etiam
584 2436 736 2511 Latinam
756 2437 1069 2535 interpretationem
1098 2445 1241 2522 addidit·
1346 2465 1348 2472 ’

235 2568 373 2647 Deinde
394 2566 447 2640 alii
462 2563 553 2641 dosll
576 2561 640 2639 viri
664 2563 741 2636 alias
762 2561 894 2636 Libanii
916 2567 1096 2643 Orationes
1121 2593 1165 2647 ex
1191 2576 1243 2647 bis

238 2696 480 2774 bliothecarum
512 2691 646 2766 latebris
681 2688 865 2787 protrahas
894 2692 1093 2792 vulgarunt,
1132 2689 1240 2772 veluti

237 2820 471 2898 Gothofredus
480 2864 501 2906 ⁵,
516 2812 687 2890 Fabricius
702 2812 737 2887 in
752 2813 959 2894 Bibliotheca
975 2824 1124 2901 Graeca,
1151 2823 1241 2904 Bona

237 2939 1240 3047 giovannusVeneriis,dtibidemnuperJocobusMorelliul

234 3072 293 3167 qui
311 3073 415 3143 unam*
431 3065 719 3141 Declamationenr
746 3066 894 3161 prodidit
915 3067 950 3139 in
981 3067 1237 3146 Anecdotorunr

234 3194 406 3270 fasciculo.
423 3187 493 3292 Qui
504 3211 589 3266 vero
596 3207 675 3288 post
685 3192 713 3261 F
712 3187 898 3267 redericum
907 3190 1089 3267 Morellum
1099 3219 1238 3292 operum

234 3319 368 3395 Lib'anii
387 3315 570 3392 editionem
587 3315 751 3412 cogitasse
772 3317 952 3409 dicuntur,
976 3319 1012 3394 in
1039 3319 1142 3395 Gallia
1165 3324 1237 3397 Vn·-

233 3448 351 3538 renus,
392 3447 523 3519 Romae
554 3439 746 3534 Adamiur,
789 3441 996 3541 propositum
1018 3467 1087 3522 non
1113 3448 1236 3521 effere*
1359 3475 1364 3486 ··

229 3587 325 3643 runt.
351 3571 467 3665 -Ergo
489 3555 648 3644 Reiskiur
676 3555 747 3641 r'ern
771 3559 855 3640 fecit
878 3568 1002 3643 Literis
1034 3595 1101 3647 non
1131 3574 1234 3650 solum

233 3691 372 3781 utilem,
402 3693 459 3767 sed
482 3683 581 3791 pldne
608 3683 843 3768 necessitriam:
866 3696 958 3790 ·qui‚
999 3716 1082 3791 post·
1106 3702 1235 3786 editam

231 3814 567 3893 'Animadversionum
590 3803 625 3895 in
658 3820 806 3894 Graecos
851 3819 1019 3894 Ardores
1060 3829 1230 3901 volumino

232 3938 403 4036 quinto„
424 3946 672 4024 emendationes
708 3940 911 4024 orationum
933 3947 1229 4044 -Libanianarump

1163 4073 1231 4170 ipse
