2967 4859
1160 356 1232 413 xttt

223 513 316 613 quasi
338 503 484 585 consessu
506 507 558 608 bt
567 504 695 602 judicio
716 506 856 582 caussam
881 506 1006 582 dicere.
1047 504 1117 611 Qui
1138 508 1231 582 secus

227 633 330 720 satit,
356 648 395 704 ut
423 629 559 726 egregio
580 625 726 724 Longini
756 626 849 700 disto
870 642 964 716 utar,
987 628 1141 710 ὶσχημσκεῑ
1167 638 1236 711 ope

230 764 273 822 aa
287 754 388 838 αἰῶνα,
403 746 573 821 ‘indecore
594 745 664 843 agit
685 767 801 821 coram
822 746 912 816 omni
935 742 975 819 n
998 742 1172 831 praesente
1194 742 1235 820 &

230 868 344 943 sutura
370 875 501 941 aetate:
527 879 672 961 cumque
694 862 763 958 ipse
783 861 872 936 nulls
889 858 1061 934 hominum
1077 851 1237 938 severen-

229 988 280 1061 tist
295 1004 432 1072 utatur,
443 978 737 1077 iniquespostulat,
749 1002 788 1056 ut
803 1003 882 1078 erga
900 978 1006 1076 ipsum
1015 968 1212 1053 reverenter
1219 1035 1234 1075 ,

231 1105 273 1183 ἃ
289 1102 417 1178 mollins
429 1121 528 1199 quam
545 1096 657 1174 v'erius
667 1118 813 1200 ,agatur
841 1098 912 1206 Qui
928 1098 963 1172 in
972 1095 1142 1195 publicum
1159 1122 1238 1195 pro·

228 1222 360 1313 xleunt,
390 1218 552 1295 vestitum
579 1212 713 1293 sirmunt
738 1219 930 1308 decorum,
961 1233 1057 1292 certe
1091 1217 1239 1315 tempori
1308 1249 1315 1258 ·

231 1341 376 1437 locoque
398 1339 678 1424 convenientem,
699 1357 766 1446 nec
788 1338 866 1438 quid
882 1325 1082 1433 ineptiarum
1103 1325 1241 1414 offerin-

208 1468 212 1476 '
235 1459 375 1551 ortisque
388 1457 585 1533 habentem:
596 1511 599 1516 .
612 1456 651 1526 ἃ
664 1455 722 1547 qui
737 1458 872 1546 publice
886 1458 1085 1547 loquuntur,
1100 1465 1241 1552 operam

119 1663 122 1670 .
231 1571 338 1662 dant,
364 1588 402 1645 ut
424 1569 472 1643 nil
493 1586 553 1642 aut
566 1566 721 1664 ineptum
736 1587 798 1642 aut
811 1569 950 1645 aliorum
970 1571 1164 1670 cognitione
1186 1573 1243 1645 ins

131 1735 136 1744 ·
233 1690 374 1787 dignum
399 1687 551 1764 afferant.
595 1687 689 1785 &go
710 1710 776 1788 qua
803 1687 839 1763 lai
865 1681 1072 1766 verecundis
1094 1703 1241 1764 utuntur

230 1831 312 1907 erga
325 1795 451 1907 paucos
472 1796 683 1905 praesentes,
698 1807 762 1884 hac
778 1808 925 1885 scribens
938 1833 1006 1884 non
1023 1827 1139 1886 utatur
1155 1797 1236 1908 e'tg'a

231 1951 350 2007 omnes
377 1924 418 2005 ἄ
443 1924 634 2023 ''praesentis
666 1927 716 2003 &1
733 1927 869 2004 suturae
903 1929 1023 2005 aetatis
1059 1930 1238 2005 homines?

232 2053 346 2123 Immo
365 2069 451 2117 vero
468 2062 603 2133 utetur,
627 2041 722 2118 &eo
739 2048 844 2142 magis
857 2049 1015 2143 quidem,
1039 2071 1108 2143 quo
1129 2050 1239 2121 minus

231 2191 332 2266 quam
357 2163 427 2239 aliis
448 2161 604 2237 scribenti
629 2162 755 2259 ignosci
778 2152 900 2260 potest.
935 2168 1072 2241 Etenim
1102 2166 1240 2267 quando

229 2284 420 2376 scribimus,
444 2302 517 2357 tum
544 2282 579 2357 in
600 2303 669 2355 uno
683 2304 884 2382 argumento
903 2286 1147 2383 ‚cogitationem
1167 2311 1240 2360 om·

161 2397 173 2478 l
230 2425 310 2479 nem
326 2403 524 2490 collocamus
535 2418 628 2490 ,tum
647 2402 792 2477 maxime
810 2404 1021 2501 vigemus&
1040 2405 1235 2505 vigilamus:

163 2622 165 2625 .
233 2522 374 2613 estque,
397 2533 491 2587 cette
509 2516 613 2582 debet
631 2517 717 2602 effe,
739 2520 843 2586 status
855 2521 1028 2590 scribentis
1049 2526 1096 2609 is,
1121 2526 1156 2596 in
1170 2546 1238 2615 quo
1352 2584 1355 2592 ,

232 2632 377 2712 maxime
399 2627 491 2704 valet
512 2624 634 2715 homo,
661 2628 719 2700 ubi
742 2628 869 2722 seipse
885 2630 1012 2720 vincit,
1040 2634 1118 2725 ubi,
1142 2638 1233 2734 quod
1344 2659 1368 2670 ,

233 2751 358 2847 Graeci
371 2749 510 2836 dicunt,
530 2750 632 2815 ἑαυτοῦ
660 2751 786 2833 anatot,
808 2748 859 2826 ἕςι.
894 2747 1022 2845 Atqui,
1046 2749 1090 2841 li,
1116 2772 1156 2826 ut
1172 2756 1239 2829 hoc

230 2867 509 2968 utar,·judicium
531 2864 717 2941 dementis
741 2864 882 2941 sanitate
908 2870 1005 2944 nobis
1029 2872 1237 2951 subeundum

230 2993 338 3082 esset,
359 3004 453 3063 certe
468 2968 548 3059 illud
567 3006 611 3058 eo
633 3002 787 3081 tempore
800 2985 1007 3081 potissimum
1028 2974 1137 3063 subire
1149 2996 1235 3070 veli·

139 3175 146 3196 ,
231 3134 308 3185 mus
317 3121 335 3202 ,'
344 3131 412 3204 quo
435 3105 639 3202 potissimum
662 3106 818 3204 vigemus
837 3129 877 3178 ac
894 3107 1053 3186 valemus.
1086 3112 1162 3208 Jam
1180 3112 1240 3211 qui

230 3232 288 3307 illo
308 3247 461 3323 tempore
476 3281 487 3314 ,
502 3220 569 3322 quo
587 3223 730 3298 maxime
746 3226 865 3325 vigere
881 3249 921 3300 ac
936 3228 1048 3300 valere
1067 3228 1234 3327 debebat,

230 3351 369 3445 ineptus
391 3342 514 3435 suerit,
547 3341 661 3419 meis
688 3344 758 3421 aliis
786 3345 898 3442 sapere
925 3348 1132 3446 temporibus
1161 3372 1239 3448 per-

180 3527 184 3532 .
231 3490 347 3568 petam
371 3482 521 3561 putetur.
609 3458 611 3465 ⁸

281 3590 464 3673 Ceterum,
488 3582 512 3657 fi
539 3586 683 3675 Censor,
709 3606 808 3680 quam
834 3585 941 3684 legem
961 3585 1005 3659 in
1027 3585 1235 3684 Scriptores,

233 3705 373 3779 candem
392 3702 474 3778 inse
488 3703 556 3802 ipse
573 3702 713 3779 statuitt·
731 3704 756 3781 fi
772 3706 855 3780 hacc
869 3695 972 3779 etiam
988 3705 1020 3778 ei
1036 3729 1126 3781 nova
1141 3719 1237 3784 acce-

236 3821 289 3900 dit
307 3822 479 3903 difficultas
497 3822 546 3921 ⁸ad
570 3823 664 3917 alias,
698 3848 776 3910 cum
800 3850 886 3923 quas
904 3822 973 3907 diui
995 3826 1134 3923 multas,
1159 3847 1232 3901 tum

289 3970 293 3976 ·
1153 3968 1232 4037 quas
