2967 4859
231 437 234 442 ,
323 360 719 456 rnnnrrontns
759 337 1120 455 nnn‘uronns
1172 382 1241 459 107

240 546 391 622 Thomas
418 540 567 641 Burgess.
597 537 642 613 A,
675 538 734 615 M.
766 535 904 634 Collegii
934 535 1090 633 Corporis
1117 534 1242 613 Christi

235 673 376 762 Socios,
404 670 456 748 vir
471 662 705 757 amicissimus,
727 664 764 739 in
787 665 925 739 Graecis
953 662 1147 761 Latinisque
1170 662 1244 736 lite·

237 798 282 875 ris
298 794 555 885 versatissimus,
580 791 739 889 idemque
762 790 860 865 editis
876 789 1098 886 compluribus
1122 788 1246 863 doetri-

234 950 302 1004 nae
324 921 550 1002 monumentis
577 920 694 1002 clarus.
758 921 841 994 Hoc
868 915 1043 1014 negotium
1067 940 1141 996 eam
1174 917 1258 1014 rios¹

187 1060 191 1068 '
237 1052 377 1146 habuit,
403 1071 440 1125 ut
456 1049 556 1125 iidem
583 1044 662 1122 Viri
678 1047 824 1121 illustres
840 1044 984 1118 meosin
1008 1035 1082 1117 usus
1100 1040 1247 1118 conferri

233 1176 393 1273 juberent
408 1176 542 1249 codices
564 1171 704 1269 scriptos
720 1169 889 1258 Plutarchi
904 1166 1131 1256 Britannicos,
1158 1176 1261 1240 eam:
1367 1159 1371 1179 '

237 1322 305 1395 que
324 1323 460 1396 operam
477 1300 606 1375 idoneis
624 1294 799 1393 doctisque
828 1283 1018 1369 hominibus
1040 1293 1250 1374 mandarent.
1292 1293 1294 1305 ⁴
1368 1379 1372 1384 β

139 1413 142 1422 ’
235 1426 346 1524 Igitur
364 1426 425 1501 hae
442 1449 553 1502 novae
574 1429 692 1526 copiae
715 1422 954 1519 cumprimum
978 1421 1020 1495 ad
1045 1445 1101 1494 me
1127 1440 1251 1517 perve-

236 1550 366 1629 nerint,
390 1550 432 1622 ad
448 1554 711 1629 constituendam
729 1553 893 1626 Graecam
910 1569 1061 1647 partem,
1086 1548 1143 1621 seu
1167 1568 1250 1624 con·
1273 1622 1277 1635 ,

230 1665 393 1766 textum,
418 1678 600 1770 accedam3
624 1699 663 1753 ut
695 1657 755 1752 suo
780 1700 927 1773 quasque
952 1676 1029 1751 loeo
1052 1671 1250 1762 adhibeam,

238 1820 303 1872 nec
321 1800 356 1871 in
371 1801 538 1879 Addenda
553 1826 609 1878 eas
624 1804 793 1900 conjicere
802 1826 923 1901 cogar,
942 1801 1000 1878 ubi
1016 1803 1083 1875 fine
1098 1795 1157 1869 usu
1175 1794 1246 1868 fru-

236 1927 363 2022 stoque
385 1929 533 2023 jaceant.
569 1931 702 2000 Interea
724 1947 858 2019 tempus
886 1947 954 1998 non
972 1923 1082 2019 perit,
1100 1943 1166 1994 nec
1187 1920 1248 1994 de·
1271 2003 1273 2008 ¹
1316 1989 1318 1994 .

156 2085 159 2090 ·
238 2069 292 2124 cst
310 2051 401 2148 quod
419 2074 537 2148 agatur
552 2048 586 2122 in
603 2052 778 2124 veteribus
796 2045 903 2143 copiis
916 2045 1115 2121 instruendis
1133 2044 1172 2124 dc
1193 2067 1276 2117 ors
1352 2087 1354 2091 -

237 2173 401 2252 dinandis.
443 2174 618 2252 Destinata
635 2194 688 2250 est
706 2172 848 2253 editioni
863 2172 971 2248 forma
988 2192 1105 2267 quarta
1121 2172 1164 2246 ad
1177 2197 1251 2256 mo-

235 2298 316 2375 dum
349 2299 507 2377 Vitar'um
529 2300 695 2379 Plutarchi
719 2324 738 2372 a
766 2304 898 2393 Bryano
921 2298 1109 2392 editarum3
1139 2301 1188 2373 ita
1209 2281 1250 2373 dt

236 2423 300 2497 dia
333 2421 435 2494 etiarn
467 2424 551 2495 hant
581 2424 736 2518 exempla
766 2420 895 2499 formae
923 2421 1088 2512 odinum,
1127 2421 1252 2503 eodem

237 2573 306 2648 quo
325 2546 451 2645 majora
463 2568 683 2647 argumento,
709 2546 820 2642 pretio
837 2547 976 2624 minore.
1012 2550 1109 2625 Ordo
1125 2574 1167 2625 ac
1189 2547 1252 2628 dis·

236 2673 359 2771 positio
376 2674 519 2771 partium
534 2674 595 2747 fiet
612 2672 654 2751 ad
671 2673 837 2748 rationem
855 2675 1001 2772 exempli
1021 2674 1055 2748 in
1069 2674 1251 2771 specimine

234 2798 424 2895 propositi3
458 2798 518 2872 nisr
543 2800 632 2897 qnod
650 2800 951 2877 animadverfiones
971 2822 1057 2899 orsae
1075 2771 1121 2874 a'd
1142 2798 1250 2886 inter·

232 2924 877 3020 pretationem-dominaereferuntur,
904 2926 1006 3004 certis
1016 2923 1184 3023 justisque
1206 2923 1249 3016 de

235 3048 374 3133 mustis,
392 3050 521 3122 seorsim
539 3049 740 3137 exstabunt5
768 3070 807 3126 ut
820 3052 877 3120 vel
897 3050 956 3122 suo
977 3068 1130 3141 quaeque
1150 3049 1247 3142 volu-

230 3168 316 3246 mini
339 3168 459 3265 adjici,
491 3174 545 3248 uel
573 3171 746 3254 universae
777 3170 998 3271 peculiaribus
1021 3168 1250 3254 voluminibus

236 3293 497 3395 comprehendi,
515 3298 654 3395 possint.
704 3299 884 3377 Consilium
904 3294 943 3373 ἃ
961 3296 1163 3396 opushujus
1177 3297 1247 3378 edi·

238 3421 341 3502 tionis
372 3422 481 3498 adhuc
509 3423 550 3499 ad
575 3424 729 3505 Moralia
759 3422 1083 3521 Putaremscripra·
1102 3422 1242 3523 spedas.
1354 3496 1358 3504 .

236 3546 307 3627 His
331 3546 466 3622 demum
491 3549 647 3630 absolutis
669 3550 712 3628 ad
736 3548 836 3625 Vitas
857 3549 1076 3628 accedemus:
1108 3566 1248 3650 quarum

229 3665 321 3748 ¹item
343 3673 527 3752 editionem
549 3701 568 3751 a
588 3699 643 3750 me
660 3694 858 3775 recepturos
879 3675 913 3750 se
935 3676 1119 3752 ostendunt
1143 3680 1247 3764 iidem

235 3795 415 3896 Delegati,
444 3803 522 3880 Viri
538 3802 693 3882 illustres.
745 3806 904 3878 Ceterum
920 3802 1070 3879 editione
1093 3808 1246 3904 operatu

236 3926 422 4008 Moralium
441 3930 612 4011 Plutarchi
631 3955 702 4012 una
726 3930 829 4009 etiam
851 3951 974 4023 carm..
988 3927 1040 4009 ,ἃ
1054 3931 1247 4033 aegerrime
1280 3980 1283 3984 -

1123 4079 1247 4157 careo,
