2967 4859
312 437 362 507 94
400 409 633 489 consono
651 408 921 537 tnnPPIANI
939 412 1017 486 An.
1036 413 1313 498 insumunt.

311 589 411 677 terit,
436 587 507 663 stve
524 587 585 661 suo
599 583 672 683 ipse
695 581 848 677 consilio,
872 584 945 662 live
965 585 1104 663 solemni
1120 591 1314 672 Historico·

310 739 387 791 tutu
403 710 663 791 consuetudine.
680 710 784 789 Adeo
791 734 915 788 verum
923 711 975 789 est
982 716 1222 815 pervulgatum
1232 722 1318 797 illud

310 843 460 932 clidium,
492 840 542 917 itt
559 861 730 939 quemque
746 839 915 944 populum
932 842 1079 918 maxime
1101 865 1189 943 pace
1218 845 1317 920 usum

310 972 403 1060 esse,
429 987 469 1041 ut
485 966 624 1040 minime
636 965 671 1037 iu
687 962 827 1039 historia
842 988 1065 1048 memoretur.
1090 973 1195 1048 Hanc
1207 977 1315 1068 p‘orro

309 1095 487 1173 materiam
501 1118 522 1168 e
537 1091 642 1170 certis
656 1091 886 1166 monumentis
901 1093 942 1172 oc·
956 1095 1167 1174 nonoribus
1183 1096 1316 1174 idoneis

210 1309 214 1318 ,
311 1226 456 1326 petitam
488 1219 583 1304 esse,
611 1214 767 1296 dubitare
794 1238 857 1293 nos
878 1240 947 1294 non
971 1219 1049 1294 stuit
1073 1230 1154 1297 cum
1188 1224 1318 1323 reliqua

226 1407 232 1416 ·
309 1348 464 1449 Appiani
481 1337 743 1437 domnigtum
759 1341 956 1443 dignitus&
967 1346 1060 1423 vitae
1073 1347 1163 1426 affin
1178 1351 1322 1429 Romae

310 1478 346 1553 iu
373 1473 519 1575 publicis
542 1466 742 1548 muneribus
767 1469 911 1549 versatu
937 1471 1087 1548 Minime
1102 1472 1240 1571 quidem
1260 1478 1322 1554 ille

309 1605 472 1700 frequens
490 1597 590 1673 estin
610 1596 755 1672 testibus
767 1596 971 1673 excimutlis.
996 1599 1127 1697 Neque
1147 1626 1231 1678 vero
1249 1603 1322 1681 suit

309 1727 396 1799 ullus
418 1743 579 1818 umquam
604 1720 821 1812 Historicut,
847 1721 906 1819 qui
930 1722 1057 1824 nullum
1080 1723 1142 1799 nili
1161 1725 1324 1806 excitato

306 1868 396 1924 teste
424 1846 555 1923 saelum
589 1844 766 1942 proderet
808 1847 937 1944 Neque
970 1846 1076 1926 etium
1108 1848 1172 1929 ista
1196 1854 1320 1954 religio

307 1973 507 2074 postulanda
539 1990 615 2047 etat
644 1972 700 2047 illa
729 1986 846 2046 aetate
873 1972 908 2046 iu
939 1974 1194 2054 conscribendis
1213 1983 1321 2055 reboo

151 2199 154 2204 ι
307 2099 647 2186 Romanis,minime
660 2095 724 2173 illis
741 2097 900 2172 abstrusis
914 2095 954 2175 ἀ
967 2103 1250 2196 reconditit,sed
1271 2103 1334 2184 ad

238 2287 242 2299 .
306 2246 387 2298 eum
398 2227 470 2320 iam
479 2221 621 2295 modum
636 2221 884 2315 frequentatis,
896 2239 934 2292 ut
949 2222 1128 2299 scribentis
1142 2235 1320 2305 auterror

305 2367 366 2426 aut
383 2349 475 2424 fraus
490 2346 591 2422 facile
613 2346 723 2421 teneri
750 2368 792 2419 ac
811 2346 1020 2444 reprehendi
1043 2351 1168 2445 posset.
1216 2354 1321 2434 Nam

304 2474 398 2572 quod
416 2491 585 2547 memorat
607 2472 792 2562 'Cusssum,
818 2473 1072 2567 Hieronymum
1084 2475 1316 2571 cardimum,

304 2599 452 2675 Fabium
482 2598 680 2685 libionem,
705 2597 911 2694 Polybium,
946 2602 1116 2677 Rutilium
1138 2604 1316 2695 nusum,

304 2727 504 2808 Claudium,
532 2723 752 2808 Varronem,
778 2721 982 2809 Caesarem,
1007 2722 1161 2799 Asinium
1190 2731 1318 2810 Pollio·

304 2833 412 2940 nem,
438 2838 587 2939 Augusti
614 2841 906 2935 Commentariun
931 2870 1001 2923 uon
1024 2849 1101 2924 sere
1124 2851 1186 2927 rifi
1210 2855 1318 2935 semel

304 2996 411 3050 unum
428 2990 598 3069 quemque
617 2987 797 3047 memorat
835 2974 965 3078 Neque
979 2980 1048 3052 hoe
1071 3002 1147 3054 eam
1165 2981 1236 3057 vim
1252 2971 1341 3061 Μ

305 3108 395 3192 bet,
430 3115 469 3173 ut
487 3113 547 3172 aut
561 3091 700 3169 eosdem
714 3096 871 3196 ubique,
904 3120 966 3173 aut
987 3126 1055 3179 non
1068 3106 1152 3183 ulios
1172 3131 1315 3209 praeter

203 3293 206 3298 .
306 3232 453 3319 hos,aut
467 3221 526 3299 ubi
543 3221 653 3296 nullos
665 3223 819 3300 nominat
827 3224 875 3303 ibi
886 3227 994 3303 nullos
1011 3230 1169 3330 sequatur
1176 3234 1313 3312 Audio-

285 3380 369 3432 rtet.
421 3354 496 3450 Jam
511 3348 599 3424 ratio
615 3345 656 3424 δι
670 3352 819 3428 narratio
835 3355 1013 3455 perspicua
1035 3355 1088 3430 est
1114 3356 1153 3433 o
1174 3363 1315 3460 brevis,

304 3486 438 3581 semper
454 3478 585 3551 intenta
602 3479 782 3575 propofito
803 3480 842 3555 ὅι
866 3501 922 3553 tet
940 3478 1055 3577 gestus
1080 3482 1310 3581 persequens,

304 3632 382 3685 rato
403 3622 464 3682 aut
489 3626 673 3701 numquam
700 3606 876 3682 divertens
899 3606 944 3680 ad
966 3626 1154 3703 praecepta
1178 3611 1307 3690 doetri-

304 3759 396 3829 nae,
427 3730 636 3822 sententias,
670 3732 945 3810 observationem
966 3733 1210 3832 ingeniorum,
1233 3761 1310 3816 nro·
1365 3780 1368 3786 ·

202 3884 206 3894 ¹
299 3878 400 3948 tum,
424 3862 560 3955 legum„
583 3859 825 3935 institutorum.
852 3860 966 3958 Igitur
987 3862 1150 3958 fiquando
1167 3867 1210 3940 ad
1232 3868 1310 3939 lon·

303 3988 437 4088 giotem
458 3984 687 4083 lusoremque
709 3987 940 4066 nartauouem
963 3990 1184 4091 digreditur,
1216 3991 1309 4066 haue

826 4133 828 4137 ·
1077 4162 1080 4170 ,
1169 4134 1307 4212 quoque
