<?xml version="1.0" encoding="UTF-8"?>
<!DOCTYPE html PUBLIC "-//W3C//DTD XHTML 1.0 Transitional//EN"
    "http://www.w3.org/TR/xhtml1/DTD/xhtml1-transitional.dtd">
<html xmlns="http://www.w3.org/1999/xhtml" xml:lang="en" lang="en">
 <head>
  <title>
</title>
<meta http-equiv="Content-Type" content="text/html;charset=utf-8" />
  <meta name='ocr-system' content='tesseract 3.04.00' />
  <meta name='ocr-capabilities' content='ocr_page ocr_carea ocr_par ocr_line ocrx_word'/>
</head>
<body>
  <div class='ocr_page' id='page_1' title='image "./bibliotecacriti02wyttgoog_0228.png"; bbox 0 0 2967 4859; ppageno 0'>
   <div class='ocr_carea' id='block_1_1' title="bbox 234 361 1154 512">
    <p class='ocr_par' dir='ltr' id='par_1_1' title="bbox 234 361 1154 512">
     <span class='ocr_line' id='line_1_1' title="bbox 234 361 1154 512; baseline 0.014 -51"><span class='ocrx_word' id='word_1_1' title='bbox 234 391 299 490; x_wconf 57' lang='lat' dir='ltr'>fs,</span> <span class='ocrx_word' id='word_1_2' title='bbox 331 361 611 469; x_wconf 79' lang='lat' dir='ltr'>ca&#39;usuau</span> <span class='ocrx_word' id='word_1_3' title='bbox 641 383 874 466; x_wconf 75' lang='lat' dir='ltr'>uranius</span> <span class='ocrx_word' id='word_1_4' title='bbox 902 379 1154 512; x_wconf 22' lang='lat' dir='ltr'>&#39;ossuum</span> 
     </span>
    </p>
   </div>
   <div class='ocr_carea' id='block_1_2' title="bbox 445 679 993 786">
    <p class='ocr_par' dir='ltr' id='par_1_2' title="bbox 445 679 993 786">
     <span class='ocr_line' id='line_1_2' title="bbox 445 679 993 786; baseline -0.004 -2"><span class='ocrx_word' id='word_1_5' title='bbox 445 679 993 786; x_wconf 80' lang='lat' dir='ltr'><strong>CENSURA.-</strong></span> 
     </span>
    </p>
   </div>
   <div class='ocr_carea' id='block_1_3' title="bbox 231 917 1239 1083">
    <p class='ocr_par' dir='ltr' id='par_1_3' title="bbox 231 917 1239 1083">
     <span class='ocr_line' id='line_1_3' title="bbox 231 917 1239 1083; baseline 0.003 -19"><span class='ocrx_word' id='word_1_6' title='bbox 231 917 444 1064; x_wconf 64' lang='lat' dir='ltr'>blBANll</span> <span class='ocrx_word' id='word_1_7' title='bbox 483 975 666 1083; x_wconf 71' lang='lat' dir='ltr'>Sopianae</span> <span class='ocrx_word' id='word_1_8' title='bbox 689 975 883 1058; x_wconf 85' lang='lat' dir='ltr'><em>Orationes</em></span> <span class='ocrx_word' id='word_1_9' title='bbox 913 973 964 1073; x_wconf 73' lang='lat'>&amp;⁹</span> <span class='ocrx_word' id='word_1_10' title='bbox 991 977 1239 1067; x_wconf 63' lang='lat' dir='ltr'>Declamatio·</span> 
     </span>
    </p>
   </div>
   <div class='ocr_carea' id='block_1_4' title="bbox 280 1112 1235 1644">
    <p class='ocr_par' dir='ltr' id='par_1_4' title="bbox 280 1112 1235 1644">
     <span class='ocr_line' id='line_1_4' title="bbox 286 1112 1235 1225; baseline 0 -23"><span class='ocrx_word' id='word_1_11' title='bbox 286 1145 369 1214; x_wconf 82' lang='lat' dir='ltr'>nes,</span> <span class='ocrx_word' id='word_1_12' title='bbox 408 1114 458 1197; x_wconf 78' lang='lat' dir='ltr'>ud</span> <span class='ocrx_word' id='word_1_13' title='bbox 478 1112 583 1221; x_wconf 78' lang='lat' dir='ltr'>fidem</span> <span class='ocrx_word' id='word_1_14' title='bbox 615 1114 776 1197; x_wconf 78' lang='lat' dir='ltr'><em>Codicum</em></span> <span class='ocrx_word' id='word_1_15' title='bbox 802 1116 922 1224; x_wconf 83' lang='lat' dir='ltr'>Mspt.</span> <span class='ocrx_word' id='word_1_16' title='bbox 969 1122 1154 1225; x_wconf 72' lang='lat' dir='ltr'><em>recensuit,</em></span> <span class='ocrx_word' id='word_1_17' title='bbox 1182 1125 1235 1223; x_wconf 58' lang='grc' dir='ltr'>ὅ)</span> 
     </span>
     <span class='ocr_line' id='line_1_5' title="bbox 280 1253 1231 1366; baseline 0.008 -30"><span class='ocrx_word' id='word_1_18' title='bbox 280 1272 457 1365; x_wconf 80' lang='lat' dir='ltr'>perpetua</span> <span class='ocrx_word' id='word_1_19' title='bbox 475 1256 718 1340; x_wconf 83' lang='lat' dir='ltr'>Aduutotioue</span> <span class='ocrx_word' id='word_1_20' title='bbox 747 1253 943 1364; x_wconf 77' lang='lat' dir='ltr'>illustravit</span> <span class='ocrx_word' id='word_1_21' title='bbox 971 1258 1044 1364; x_wconf 89' lang='lat' dir='ltr'>JO.</span> <span class='ocrx_word' id='word_1_22' title='bbox 1076 1262 1231 1366; x_wconf 85' lang='lat' dir='ltr'>JACO-</span> 
     </span>
     <span class='ocr_line' id='line_1_6' title="bbox 287 1393 1232 1486; baseline 0.004 -7"><span class='ocrx_word' id='word_1_23' title='bbox 287 1397 392 1479; x_wconf 77' lang='lat' dir='ltr'>BUb&#39;</span> <span class='ocrx_word' id='word_1_24' title='bbox 436 1397 639 1486; x_wconf 68' lang='lat' dir='ltr'>Russus.</span> <span class='ocrx_word' id='word_1_25' title='bbox 684 1393 852 1482; x_wconf 70' lang='lat' dir='ltr'>Volumus</span> <span class='ocrx_word' id='word_1_26' title='bbox 885 1398 1064 1479; x_wconf 85' lang='lat' dir='ltr'>Primum.</span> <span class='ocrx_word' id='word_1_27' title='bbox 1099 1402 1232 1483; x_wconf 77' lang='lat' dir='ltr'>Altan-</span> 
     </span>
     <span class='ocr_line' id='line_1_7' title="bbox 288 1532 1233 1644; baseline -0.001 -24"><span class='ocrx_word' id='word_1_28' title='bbox 288 1540 407 1644; x_wconf 77' lang='lat' dir='ltr'>burgi.</span> <span class='ocrx_word' id='word_1_29' title='bbox 450 1532 708 1636; x_wconf 72' lang='lat' dir='ltr'>Suionibus&amp;</span> <span class='ocrx_word' id='word_1_30' title='bbox 725 1535 871 1634; x_wconf 73' lang='lat' dir='ltr'>Litoris</span> <span class='ocrx_word' id='word_1_31' title='bbox 893 1540 941 1622; x_wconf 91' lang='lat' dir='ltr'>G.</span> <span class='ocrx_word' id='word_1_32' title='bbox 964 1540 1015 1623; x_wconf 91' lang='lat' dir='ltr'>E.</span> <span class='ocrx_word' id='word_1_33' title='bbox 1050 1539 1233 1626; x_wconf 76' lang='lat' dir='ltr'>Richteri.</span> 
     </span>
    </p>
   </div>
   <div class='ocr_carea' id='block_1_5' title="bbox 293 1675 866 1790">
    <p class='ocr_par' dir='ltr' id='par_1_5' title="bbox 293 1675 866 1790">
     <span class='ocr_line' id='line_1_8' title="bbox 293 1675 866 1790; baseline -0.031 -11"><span class='ocrx_word' id='word_1_34' title='bbox 293 1684 413 1780; x_wconf 77' lang='lat'>1784·</span> <span class='ocrx_word' id='word_1_35' title='bbox 446 1700 473 1776; x_wconf 85' lang='lat'>4</span> <span class='ocrx_word' id='word_1_36' title='bbox 504 1675 605 1786; x_wconf 71' lang='lat' dir='ltr'>Mu·</span> <span class='ocrx_word' id='word_1_37' title='bbox 632 1693 738 1790; x_wconf 77' lang='lat' dir='ltr'>pagg.</span> <span class='ocrx_word' id='word_1_38' title='bbox 772 1700 866 1786; x_wconf 81' lang='lat'>312·</span> 
     </span>
    </p>
   </div>
   <div class='ocr_carea' id='block_1_6' title="bbox 232 1907 1250 3917">
    <p class='ocr_par' dir='ltr' id='par_1_6' title="bbox 232 1907 1250 3917">
     <span class='ocr_line' id='line_1_9' title="bbox 232 1907 1240 2039; baseline -0.006 -19"><span class='ocrx_word' id='word_1_39' title='bbox 232 1907 287 2030; x_wconf 82' lang='lat' dir='ltr'>Si</span> <span class='ocrx_word' id='word_1_40' title='bbox 321 1944 491 2020; x_wconf 90' lang='lat' dir='ltr'>Veterum</span> <span class='ocrx_word' id='word_1_41' title='bbox 529 1940 760 2039; x_wconf 74' lang='lat' dir='ltr'>Scriptorum,</span> <span class='ocrx_word' id='word_1_42' title='bbox 794 1958 835 2013; x_wconf 86' lang='lat' dir='ltr'>ut</span> <span class='ocrx_word' id='word_1_43' title='bbox 865 1941 932 2039; x_wconf 89' lang='lat' dir='ltr'>ipse</span> <span class='ocrx_word' id='word_1_44' title='bbox 956 1943 1095 2039; x_wconf 87' lang='lat' dir='ltr'>quisque</span> <span class='ocrx_word' id='word_1_45' title='bbox 1122 1939 1240 2014; x_wconf 84' lang='lat' dir='ltr'>melior</span> 
     </span>
     <span class='ocr_line' id='line_1_10' title="bbox 234 2064 1238 2173; baseline -0.007 -26"><span class='ocrx_word' id='word_1_46' title='bbox 234 2069 520 2173; x_wconf 85' lang='lat' dir='ltr'>praestantiorque</span> <span class='ocrx_word' id='word_1_47' title='bbox 536 2088 608 2159; x_wconf 88' lang='lat' dir='ltr'>est,</span> <span class='ocrx_word' id='word_1_48' title='bbox 633 2069 681 2140; x_wconf 82' lang='lat' dir='ltr'>ita</span> <span class='ocrx_word' id='word_1_49' title='bbox 699 2064 904 2140; x_wconf 86' lang='lat' dir='ltr'>editionibus</span> <span class='ocrx_word' id='word_1_50' title='bbox 929 2070 1163 2168; x_wconf 85' lang='lat' dir='ltr'>frequentatus</span> <span class='ocrx_word' id='word_1_51' title='bbox 1183 2090 1238 2140; x_wconf 85' lang='lat' dir='ltr'>es·</span> 
     </span>
     <span class='ocr_line' id='line_1_11' title="bbox 233 2189 1240 2287; baseline -0.003 -20"><span class='ocrx_word' id='word_1_52' title='bbox 233 2196 306 2283; x_wconf 80' lang='lat' dir='ltr'>set3</span> <span class='ocrx_word' id='word_1_53' title='bbox 329 2192 462 2270; x_wconf 86' lang='lat' dir='ltr'>Libanii</span> <span class='ocrx_word' id='word_1_54' title='bbox 478 2191 636 2284; x_wconf 66' lang='lat' dir='ltr'>profetia</span> <span class='ocrx_word' id='word_1_55' title='bbox 650 2189 817 2262; x_wconf 83' lang='lat' dir='ltr'>editiones</span> <span class='ocrx_word' id='word_1_56' title='bbox 837 2190 876 2265; x_wconf 74' lang='lat' dir='ltr'>tlt</span> <span class='ocrx_word' id='word_1_57' title='bbox 896 2196 1006 2287; x_wconf 90' lang='lat' dir='ltr'>plures</span> <span class='ocrx_word' id='word_1_58' title='bbox 1025 2195 1064 2270; x_wconf 68' lang='grc' dir='ltr'><strong>ἃ</strong></span> <span class='ocrx_word' id='word_1_59' title='bbox 1087 2191 1240 2264; x_wconf 89' lang='lat' dir='ltr'>meliores</span> 
     </span>
     <span class='ocr_line' id='line_1_12' title="bbox 233 2309 1241 2413; baseline -0.001 -22"><span class='ocrx_word' id='word_1_60' title='bbox 233 2312 473 2402; x_wconf 80' lang='lat' dir='ltr'>habuissemus.</span> <span class='ocrx_word' id='word_1_61' title='bbox 525 2311 693 2409; x_wconf 85' lang='lat' dir='ltr'>Magnum</span> <span class='ocrx_word' id='word_1_62' title='bbox 709 2309 799 2389; x_wconf 86' lang='lat' dir='ltr'>enim</span> <span class='ocrx_word' id='word_1_63' title='bbox 822 2313 857 2388; x_wconf 93' lang='lat' dir='ltr'>in</span> <span class='ocrx_word' id='word_1_64' title='bbox 881 2315 946 2392; x_wconf 88' lang='lat' dir='ltr'>hoc</span> <span class='ocrx_word' id='word_1_65' title='bbox 973 2317 1147 2413; x_wconf 72' lang='lat' dir='ltr'>scriptore</span> <span class='ocrx_word' id='word_1_66' title='bbox 1168 2314 1241 2390; x_wconf 75' lang='lat' dir='ltr'>esso</span> 
     </span>
     <span class='ocr_line' id='line_1_13' title="bbox 233 2437 1241 2533; baseline -0.005 -18"><span class='ocrx_word' id='word_1_67' title='bbox 233 2458 443 2526; x_wconf 83' lang='lat' dir='ltr'>momentum</span> <span class='ocrx_word' id='word_1_68' title='bbox 466 2437 509 2511; x_wconf 89' lang='lat' dir='ltr'>ad</span> <span class='ocrx_word' id='word_1_69' title='bbox 534 2438 723 2533; x_wconf 83' lang='lat' dir='ltr'>elegantem</span> <span class='ocrx_word' id='word_1_70' title='bbox 752 2440 955 2518; x_wconf 84' lang='lat' dir='ltr'>Graecarum</span> <span class='ocrx_word' id='word_1_71' title='bbox 979 2440 1168 2516; x_wconf 88' lang='lat' dir='ltr'>Literarum</span> <span class='ocrx_word' id='word_1_72' title='bbox 1191 2462 1241 2513; x_wconf 84' lang='lat' dir='ltr'>ra·</span> 
     </span>
     <span class='ocr_line' id='line_1_14' title="bbox 234 2564 1241 2660; baseline -0.004 -16"><span class='ocrx_word' id='word_1_73' title='bbox 234 2570 383 2660; x_wconf 78' lang='lat' dir='ltr'>tionem,</span> <span class='ocrx_word' id='word_1_74' title='bbox 425 2583 550 2642; x_wconf 91' lang='lat' dir='ltr'>norunt</span> <span class='ocrx_word' id='word_1_75' title='bbox 581 2564 720 2647; x_wconf 85' lang='lat' dir='ltr'>Atticae</span> <span class='ocrx_word' id='word_1_76' title='bbox 745 2564 927 2641; x_wconf 85' lang='lat' dir='ltr'>venustatis</span> <span class='ocrx_word' id='word_1_77' title='bbox 956 2566 1088 2649; x_wconf 78' lang='lat' dir='ltr'>studiosi</span> <span class='ocrx_word' id='word_1_78' title='bbox 1111 2590 1241 2644; x_wconf 81' lang='lat' dir='ltr'>omnes:</span> 
     </span>
     <span class='ocr_line' id='line_1_15' title="bbox 237 2689 1246 2791; baseline -0.004 -22"><span class='ocrx_word' id='word_1_79' title='bbox 237 2719 396 2791; x_wconf 86' lang='lat' dir='ltr'>magnum</span> <span class='ocrx_word' id='word_1_80' title='bbox 413 2694 496 2765; x_wconf 87' lang='lat' dir='ltr'>item</span> <span class='ocrx_word' id='word_1_81' title='bbox 507 2691 549 2763; x_wconf 90' lang='lat' dir='ltr'>ad</span> <span class='ocrx_word' id='word_1_82' title='bbox 566 2713 619 2762; x_wconf 88' lang='lat' dir='ltr'>res</span> <span class='ocrx_word' id='word_1_83' title='bbox 636 2691 746 2763; x_wconf 90' lang='lat' dir='ltr'>Seculi</span> <span class='ocrx_word' id='word_1_84' title='bbox 763 2693 873 2784; x_wconf 87' lang='lat' dir='ltr'>quarti</span> <span class='ocrx_word' id='word_1_85' title='bbox 894 2689 1115 2780; x_wconf 83' lang='lat' dir='ltr'>illulhandas,</span> <span class='ocrx_word' id='word_1_86' title='bbox 1140 2694 1246 2765; x_wconf 84' lang='lat' dir='ltr'>docu-</span> 
     </span>
     <span class='ocr_line' id='line_1_16' title="bbox 235 2814 1245 2909; baseline -0.011 -14"><span class='ocrx_word' id='word_1_87' title='bbox 235 2840 354 2895; x_wconf 86' lang='lat' dir='ltr'>mento</span> <span class='ocrx_word' id='word_1_88' title='bbox 375 2818 450 2887; x_wconf 89' lang='lat' dir='ltr'>sunt</span> <span class='ocrx_word' id='word_1_89' title='bbox 475 2814 595 2905; x_wconf 88' lang='lat' dir='ltr'>scripta</span> <span class='ocrx_word' id='word_1_90' title='bbox 612 2814 823 2909; x_wconf 83' lang='lat' dir='ltr'>egregiorum</span> <span class='ocrx_word' id='word_1_91' title='bbox 832 2815 1001 2902; x_wconf 46' lang='lat' dir='ltr'>ranorum,</span> <span class='ocrx_word' id='word_1_92' title='bbox 1017 2815 1245 2905; x_wconf 84' lang='lat' dir='ltr'>Gotholredi‚</span> 
     </span>
     <span class='ocr_line' id='line_1_17' title="bbox 238 2933 1242 3038; baseline -0.002 -25"><span class='ocrx_word' id='word_1_93' title='bbox 238 2938 383 3025; x_wconf 74' lang='lat' dir='ltr'>Velefi,</span> <span class='ocrx_word' id='word_1_94' title='bbox 410 2933 638 3024; x_wconf 82' lang='lat' dir='ltr'>Tillemontii,</span> <span class='ocrx_word' id='word_1_95' title='bbox 663 2958 684 3006; x_wconf 91' lang='lat' dir='ltr'>e</span> <span class='ocrx_word' id='word_1_96' title='bbox 707 2939 826 3037; x_wconf 88' lang='lat' dir='ltr'>quibus</span> <span class='ocrx_word' id='word_1_97' title='bbox 846 2941 880 3012; x_wconf 94' lang='lat' dir='ltr'>in</span> <span class='ocrx_word' id='word_1_98' title='bbox 902 2940 968 3011; x_wconf 91' lang='lat' dir='ltr'>hoc</span> <span class='ocrx_word' id='word_1_99' title='bbox 988 2940 1123 3038; x_wconf 83' lang='lat' dir='ltr'>quidem</span> <span class='ocrx_word' id='word_1_100' title='bbox 1145 2964 1242 3036; x_wconf 81' lang='lat' dir='ltr'>argu·</span> 
     </span>
     <span class='ocr_line' id='line_1_18' title="bbox 237 3059 1246 3163; baseline -0.011 -20"><span class='ocrx_word' id='word_1_101' title='bbox 237 3082 357 3143; x_wconf 89' lang='lat' dir='ltr'>mento</span> <span class='ocrx_word' id='word_1_102' title='bbox 365 3061 568 3160; x_wconf 84' lang='lat' dir='ltr'>posteriores</span> <span class='ocrx_word' id='word_1_103' title='bbox 585 3059 624 3140; x_wconf 73' lang='grc' dir='ltr'>δι</span> <span class='ocrx_word' id='word_1_104' title='bbox 636 3059 767 3158; x_wconf 84' lang='lat' dir='ltr'>sapiunt</span> <span class='ocrx_word' id='word_1_105' title='bbox 783 3062 855 3138; x_wconf 86' lang='lat' dir='ltr'>fere</span> <span class='ocrx_word' id='word_1_106' title='bbox 873 3066 912 3141; x_wconf 83' lang='lat'>&amp;</span> <span class='ocrx_word' id='word_1_107' title='bbox 928 3065 1088 3163; x_wconf 90' lang='lat' dir='ltr'>pendent.</span> <span class='ocrx_word' id='word_1_108' title='bbox 1116 3066 1246 3157; x_wconf 81' lang='lat' dir='ltr'>Neque.</span> 
     </span>
     <span class='ocr_line' id='line_1_19' title="bbox 240 3184 1247 3289; baseline 0 -27"><span class='ocrx_word' id='word_1_109' title='bbox 240 3214 354 3271; x_wconf 84' lang='lat' dir='ltr'>tamen</span> <span class='ocrx_word' id='word_1_110' title='bbox 375 3186 485 3261; x_wconf 82' lang='lat' dir='ltr'>adhuc</span> <span class='ocrx_word' id='word_1_111' title='bbox 505 3184 637 3264; x_wconf 87' lang='lat' dir='ltr'>Libanii</span> <span class='ocrx_word' id='word_1_112' title='bbox 653 3209 773 3282; x_wconf 89' lang='lat' dir='ltr'>opera,</span> <span class='ocrx_word' id='word_1_113' title='bbox 803 3212 873 3263; x_wconf 89' lang='lat' dir='ltr'>non</span> <span class='ocrx_word' id='word_1_114' title='bbox 891 3190 999 3267; x_wconf 88' lang='lat' dir='ltr'>dicam</span> <span class='ocrx_word' id='word_1_115' title='bbox 1013 3191 1189 3289; x_wconf 89' lang='lat' dir='ltr'>diligenter</span> <span class='ocrx_word' id='word_1_116' title='bbox 1207 3187 1247 3262; x_wconf 71' lang='lat' dir='ltr'>rit</span> 
     </span>
     <span class='ocr_line' id='line_1_20' title="bbox 241 3311 1246 3409; baseline -0.012 -11"><span class='ocrx_word' id='word_1_117' title='bbox 241 3334 415 3404; x_wconf 85' lang='lat' dir='ltr'>accurate,</span> <span class='ocrx_word' id='word_1_118' title='bbox 441 3311 496 3385; x_wconf 88' lang='lat' dir='ltr'>sed</span> <span class='ocrx_word' id='word_1_119' title='bbox 522 3312 683 3409; x_wconf 89' lang='lat' dir='ltr'>probabili</span> <span class='ocrx_word' id='word_1_120' title='bbox 700 3314 954 3400; x_wconf 77' lang='lat' dir='ltr'>mediocritate,</span> <span class='ocrx_word' id='word_1_121' title='bbox 982 3319 1072 3392; x_wconf 87' lang='lat' dir='ltr'>edita</span> <span class='ocrx_word' id='word_1_122' title='bbox 1096 3317 1246 3391; x_wconf 88' lang='lat' dir='ltr'>fuerunt.</span> 
     </span>
     <span class='ocr_line' id='line_1_21' title="bbox 242 3436 1249 3546; baseline -0.012 -26"><span class='ocrx_word' id='word_1_123' title='bbox 242 3452 371 3531; x_wconf 87' lang='lat' dir='ltr'>Eorum</span> <span class='ocrx_word' id='word_1_124' title='bbox 387 3438 508 3535; x_wconf 85' lang='lat' dir='ltr'>triplex</span> <span class='ocrx_word' id='word_1_125' title='bbox 530 3459 583 3512; x_wconf 85' lang='lat' dir='ltr'>est</span> <span class='ocrx_word' id='word_1_126' title='bbox 600 3464 719 3538; x_wconf 87' lang='lat' dir='ltr'>genus.</span> <span class='ocrx_word' id='word_1_127' title='bbox 744 3443 891 3517; x_wconf 89' lang='lat' dir='ltr'>Primum</span> <span class='ocrx_word' id='word_1_128' title='bbox 913 3447 1136 3546; x_wconf 81' lang='lat' dir='ltr'>Soplsiflicum,</span> <span class='ocrx_word' id='word_1_129' title='bbox 1154 3436 1249 3532; x_wconf 89' lang='lat' dir='ltr'>quod</span> 
     </span>
     <span class='ocr_line' id='line_1_22' title="bbox 242 3567 1250 3665; baseline -0.007 -20"><span class='ocrx_word' id='word_1_130' title='bbox 242 3571 280 3644; x_wconf 88' lang='lat' dir='ltr'>in</span> <span class='ocrx_word' id='word_1_131' title='bbox 305 3570 388 3644; x_wconf 76' lang='lat' dir='ltr'>fluo</span> <span class='ocrx_word' id='word_1_132' title='bbox 414 3582 615 3661; x_wconf 87' lang='lat' dir='ltr'>argumento</span> <span class='ocrx_word' id='word_1_133' title='bbox 639 3567 681 3640; x_wconf 89' lang='lat' dir='ltr'>ad</span> <span class='ocrx_word' id='word_1_134' title='bbox 704 3569 904 3642; x_wconf 87' lang='lat' dir='ltr'>exercitium</span> <span class='ocrx_word' id='word_1_135' title='bbox 932 3567 1141 3665; x_wconf 88' lang='lat' dir='ltr'>eloquentiae</span> <span class='ocrx_word' id='word_1_136' title='bbox 1166 3588 1250 3638; x_wconf 87' lang='lat' dir='ltr'>con·</span> 
     </span>
     <span class='ocr_line' id='line_1_23' title="bbox 248 3689 1248 3790; baseline -0.007 -22"><span class='ocrx_word' id='word_1_137' title='bbox 248 3695 407 3784; x_wconf 85' lang='lat' dir='ltr'>sumitur,</span> <span class='ocrx_word' id='word_1_138' title='bbox 423 3689 807 3789; x_wconf 81' lang='lat' dir='ltr'>&amp;Progymnasmatum</span> <span class='ocrx_word' id='word_1_139' title='bbox 827 3695 996 3790; x_wconf 79' lang='lat' dir='ltr'>Exemplis</span> <span class='ocrx_word' id='word_1_140' title='bbox 1010 3717 1049 3765; x_wconf 88' lang='lat' dir='ltr'>ac</span> <span class='ocrx_word' id='word_1_141' title='bbox 1070 3690 1248 3765; x_wconf 82' lang='lat' dir='ltr'>Declama-</span> 
     </span>
     <span class='ocr_line' id='line_1_24' title="bbox 245 3815 1248 3917; baseline -0.007 -24"><span class='ocrx_word' id='word_1_142' title='bbox 245 3815 393 3893; x_wconf 87' lang='lat' dir='ltr'>tionibus</span> <span class='ocrx_word' id='word_1_143' title='bbox 409 3816 612 3893; x_wconf 87' lang='lat' dir='ltr'>continetur.</span> <span class='ocrx_word' id='word_1_144' title='bbox 661 3821 837 3912; x_wconf 87' lang='lat' dir='ltr'>Alterum,</span> <span class='ocrx_word' id='word_1_145' title='bbox 870 3825 904 3895; x_wconf 90' lang='lat' dir='ltr'>in</span> <span class='ocrx_word' id='word_1_146' title='bbox 940 3842 1024 3893; x_wconf 87' lang='lat' dir='ltr'>vero</span> <span class='ocrx_word' id='word_1_147' title='bbox 1050 3836 1248 3917; x_wconf 84' lang='lat' dir='ltr'>argumento</span> 
     </span>
    </p>
   </div>
   <div class='ocr_carea' id='block_1_7' title="bbox 246 3941 1253 4142">
    <p class='ocr_par' dir='ltr' id='par_1_7' title="bbox 246 3941 1253 4142">
     <span class='ocr_line' id='line_1_25' title="bbox 246 3941 1249 4051; baseline -0.033 -9"><span class='ocrx_word' id='word_1_148' title='bbox 246 3941 411 4045; x_wconf 81' lang='lat' dir='ltr'>positum,</span> <span class='ocrx_word' id='word_1_149' title='bbox 434 3960 486 4015; x_wconf 86' lang='lat' dir='ltr'>est</span> <span class='ocrx_word' id='word_1_150' title='bbox 512 3952 717 4043; x_wconf 78' lang='lat' dir='ltr'>oratoriam,</span> <span class='ocrx_word' id='word_1_151' title='bbox 740 3948 831 4051; x_wconf 91' lang='lat' dir='ltr'>quod</span> <span class='ocrx_word' id='word_1_152' title='bbox 862 3945 1249 4050; x_wconf 72' lang='lat' dir='ltr'>compleilitur&#39;Oratio-</span> 
     </span>
     <span class='ocr_line' id='line_1_26' title="bbox 1191 4090 1253 4142; baseline 0 -1"><span class='ocrx_word' id='word_1_153' title='bbox 1191 4090 1253 4142; x_wconf 84' lang='lat' dir='ltr'>nes</span> 
     </span>
    </p>
   </div>
   <div class='ocr_carea' id='block_1_8' title="bbox 0 0 1499 4859">
    <p class='ocr_par' dir='ltr' id='par_1_8' title="bbox 0 0 1499 4859">
     <span class='ocr_line' id='line_1_27' title="bbox 0 0 1499 4859; baseline 0 0"><span class='ocrx_word' id='word_1_154' title='bbox 0 0 1499 4859; x_wconf 95' lang='lat' dir='ltr'> </span> 
     </span>
    </p>
   </div>
  </div>
 </body>
</html>
