2967 4859
282 383 321 454 u

280 531 366 628 'quid
383 481 524 631 capere,
549 534 607 610 sed
630 532 664 607 in
689 534 751 607 hac
774 536 1005 634 quaiicumque
1022 536 1206 633 legentium
1222 491 1291 611 fre·

286 652 424 751 quentia
447 652 536 727 tueri
552 652 587 727 se
614 652 728 748 posse,
752 654 918 730 videatur.
1031 695 1037 708 ·

316 768 441 873 'Quod
465 794 550 846 vero
575 772 650 859 Te,
674 772 950 850 Praestantissnne
975 771 1152 866 Fonteini,
1175 759 1288 851 libello

282 907 460 987 patronum
484 888 638 978 assumsr‚
670 891 816 966 rationes
841 891 923 965 mihi
952 890 1111 983 fuerunt,
1149 916 1288 989 quarum

281 1006 339 1081 vei
364 1026 541 1079 numerum
561 1007 619 1079 vel
640 1030 849 1085 momentum
868 1033 967 1083 nemo
987 1009 1157 1109 quisquam
1174 1034 1287 1109 repre·

280 1121 417 1199 hendat.
465 1123 631 1218 Primum,
656 1127 764 1224 pietas
782 1151 860 1223 erga
880 1130 937 1201 Te
950 1151 1045 1217 mea,
1070 1149 1193 1227 tuaque
1207 1153 1286 1228 erga

282 1245 337 1316 nie
366 1242 612 1321 benivolentIa:
638 1270 723 1344 quae
747 1271 767 1319 a
786 1250 955 1321 communi
969 1246 1156 1321 Literarum
1177 1245 1288 1321 studio

189 1441 191 1450 ,
281 1360 481 1460 profethae,
522 1364 800 1440 consuetudinem
834 1366 923 1441 inter
964 1387 1026 1438 nor
1065 1366 1286 1440 conciliarunt

280 1503 374 1573 eam,
389 1505 475 1580 quae
490 1483 613 1557 multos
628 1484 671 1557 de
686 1483 736 1555 his
750 1483 875 1557 Literis
889 1481 1047 1580 privatim
1064 1484 1142 1557 tulit
1160 1483 1286 1556 sermo-

279 1623 339 1676 nes
356 1599 438 1671 mihi
452 1596 749 1692 &jucundissimos
762 1600 800 1675 dt
810 1598 1082 1673 frutruosrsfimos
1090 1652 1102 1687 ,
1112 1619 1152 1671 ut
1165 1624 1285 1676 eorum

278 1714 450 1816 publicum
463 1715 608 1814 prodere
623 1716 863 1796 documentum
879 1713 946 1812 ipsa
962 1738 1018 1787 me
1032 1715 1141 1813 pietas
1152 1718 1287 1815 jubeat.

279 1834 427 1910 Accedit
451 1834 620 1934 finguhris
643 1837 804 1934 quaedam
837 1858 894 1912 tua
919 1857 998 1929 erga
1021 1829 1112 1909 hunc
1138 1836 1306 1914 libellum·

280 1956 459 2049 voluntas,
486 1955 581 2053 cujus
596 1974 635 2030 ut
650 1976 730 2034 ante
750 1953 960 2047 instituendi,
984 1951 1032 2062 ita
1053 1978 1147 2031 nunc
1160 1956 1285 2032 instau-

280 2075 394 2167 randi,
408 2074 517 2152 suasor
534 2074 573 2152 ὅι
592 2075 742 2166 hortator
756 2072 837 2150 mihi
859 2074 955 2150 fuisti
969 2074 1181 2171 praecipuus.
1205 2077 1283 2170 Jam

280 2196 430 2280 sinullae
453 2193 561 2271 essent
580 2197 669 2272 inter
679 2218 743 2288 nor
758 2210 877 2288 ¹tantae
899 2188 1179 2284 necessitudines,
1204 2189 1283 2284 satis

256 2337 260 2342 ·
279 2337 394 2393 tamen
415 2313 504 2413 apud
524 2337 580 2392 me
596 2316 707 2391 valere
726 2311 871 2385 debebat
888 2312 1011 2386 summa
1031 2306 1084 2396 ilia
1108 2306 1285 2384 doetrinae

282 2458 362 2514 tuae
380 2435 493 2533 copia:
511 2456 611 2531 quarn
625 2429 759 2528 quidem
776 2433 854 2522 Tu,
867 2456 936 2527 quo
952 2430 1060 2502 minus
1076 2426 1118 2501 ad
1138 2425 1281 2503 scriben-

216 2547 220 2556 ’
279 2555 381 2650 dum,
396 2579 439 2631 eo
453 2553 558 2652 magis
573 2540 842 2648 adjudicandum
858 2548 1041 2623 convertis.
1069 2546 1280 2642 Quamquam
1307 2636 1311 2643 ⁵

277 2674 353 2750 sunt
376 2693 477 2763 tuae,
501 2689 540 2742 ut
564 2669 601 2738 in
627 2667 730 2758 iongo
751 2666 811 2733 usu
835 2658 1143 2757 accuratissimeque
1167 2660 1280 2735 Vete-

222 2841 238 2864 s
277 2815 352 2866 rum
384 2787 557 2874 leehione,
580 2776 620 2854 ἀ
648 2775 962 2856 Animadversiones
997 2777 1157 2877 plurimae
1180 2780 1280 2875 plane

278 2908 451 3010 egregiae,
474 2901 514 2980 dr
531 2915 585 2974 est
603 2893 879 2995 Theophrasteus
896 2896 1130 2977 Charaeierum
1150 2895 1278 2974 libellus

274 3028 392 3106 rusius
407 3049 427 3104 a
443 3024 501 3098 Te
514 3040 555 3092 ac
569 3013 707 3090 mirifice
725 3016 913 3114 expolitus:
938 3015 995 3114 qui
1015 3014 1114 3090 studii
1135 3015 1186 3090 tui
1207 3016 1279 3094 fru-
1307 3007 1314 3013 ’

276 3146 352 3223 stus
370 3168 414 3222 ne
433 3132 632 3234 intercidant
654 3135 712 3209 Tu
730 3135 943 3233 providebis,
966 3134 992 3209 sr
1013 3134 1093 3233 quid
1114 3120 1202 3235 apud
1221 3138 1279 3213 Te

277 3266 334 3343 vel
349 3265 537 3360 Literarum
552 3254 768 3348 ,commodum
791 3257 847 3331 vel
864 3272 998 3330 nostrae
1020 3275 1138 3354 preces
1151 3254 1279 3333 valent.

277 3382 346 3460 Sed
368 3375 483 3482 prouti
505 3369 560 3444 ille
578 3369 802 3473 philosophiae
820 3395 940 3479 parens¹
962 3357 1118 3451 Socrates
1140 3374 1279 3475 ingenio

122 3510 125 3516 ’
277 3497 429 3601 quamvis
442 3489 602 3568 acerrmo
621 3488 667 3590 nii
689 3492 759 3592 ipse
781 3490 951 3594 pariebat,
975 3491 1031 3567 sed
1053 3494 1190 3569 aliorum
1203 3517 1282 3591 par·

279 3613 481 3728 turientihus
507 3608 646 3710 ingeniis
670 3612 855 3712 obstetricis
873 3612 1020 3690 officium
1037 3612 1195 3714 adhibens
1218 3636 1280 3688 eo·

280 3760 355 3832 rum
380 3727 495 3806 foetus
520 3731 740 3829 dijudicabat,
765 3733 981 3834 jucundeque
999 3731 1053 3808 ihr
1075 3729 1202 3806 ironiae
1225 3730 1279 3805 fa
1297 3760 1325 3814 ,-

278 3852 428 3936 stiritate
454 3850 740 3951 reprehensionem
764 3869 952 3954 temperans
973 3849 1140 3952 plurimos,
1165 3873 1280 4049 εποὲ
