2967 4859
257 279 303 358 tt
337 266 568 349 cintsutm
584 265 629 342 11.
654 241 847 343 attinnt
861 268 938 347 AL.
962 267 1092 347 urst.
1114 273 1243 375 nou
1314 359 1317 370 ¹

259 441 396 543 rexisse,
418 439 457 519 il
480 467 549 519 non
571 442 671 517 aliter
696 441 837 542 intelligi
859 444 987 553 debet,
1021 445 1082 520 nisi
1102 446 1253 544 quod-'ei

257 568 333 645 viro
354 572 375 645 'a
396 566 591 667 bibliopolis
613 561 828 645 comnnssum
853 569 959 645 fuerit
985 573 1164 669 negotium
1184 575 1253 671 pla·

256 696 410 795 gularuni
436 721 456 770 e
480 699 577 796 prelo
604 696 752 794 primurn
778 696 977 774 exeuntium
1001 702 1045 771 ab
1073 701 1257 797 operarum

257 823 377 897 errans
403 825 666 919 purgandarum.
716 823 757 896 In
786 849 853 922 quo
876 823 1014 921 quidem
1045 847 1187 898 munere
1207 824 1260 897 ita

260 943 575 1038 fideliterversatus
593 942 725 1022 Tollius
745 971 816 1038 est3
842 969 901 1038 ut,
927 949 1087 1046 quoniam
1111 949 1258 1045 Stepha-

138 1093 143 1100 ·
258 1069 590 1174 nicam··ssditionem
617 1074 800 1169 repetitam
831 1071 1034 1169 bibliopolae
1057 1074 1261 1163 voluerant,

259 1199 362 1297 longe
385 1197 531 1293 plurima
557 1222 693 1297 quoque
718 1221 764 1273 ex
790 1198 859 1291 eis,
894 1225 981 1297 quae
1005 1220 1187 1298 operarum
1206 1220 1259 1269 er·

260 1346 340 1399 rore
359 1306 397 1397 in
416 1324 470 1397 illa
491 1323 651 1399 Editione
666 1301 818 1423 peccata
841 1326 1004 1411 fuerant‚-
1029 1325 1159 1397 summa
1183 1323 1259 1396 reli·

261 1444 657 1547 glore-conservaverit,
680 1470 784 1549 atque
810 1471 848 1526 ut
873 1453 1014 1525 eosdem
1036 1448 1263 1546 stephanitae

132 1585 137 1592 '
260 1577 435 1651 Editi'onii
449 1598 581 1650 errores
598 1601 665 1651 non
688 1569 789 1651 nimis'
803 1599 928 1671 magno
945 1575 1082 1650 cumulo
1107 1569 1263 1669 proprio·

261 1719 337 1771 rum
368 1723 561 1788 errorum,
608 1721 772 1797 quantum
816 1701 973 1794 equidem
1017 1696 1263 1790 animadverti,

260 1821 412 1896 auxerit:
455 1823 631 1898 Professus
651 1844 705 1895 est
725 1823 760 1897 in
779 1824 877 1898 titulo
899 1823 974 1898 libri
995 1824 1148 1913 Tollius,
1176 1825 1263 1897 Han·

263 1947 325 2018 riti
346 1949 500 2045 nuptam·
520 1974 560 2026 oc
581 1949 735 2025 doliorum
760 1952 958 2046 quorumdam
980 1957 1117 2026 uirorum
1129 1950 1267 2047 salellas

263 2076 490 2151 Annttaliones
514 2099 536 2147 a
551 2072 592 2165 st
608 2076 750 2166 adlidat
770 2075 847 2174 esse.
884 2083 929 2149 lit
946 2082 1007 2159 bas
1026 2078 1165 2175 quidem
1180 2099 1264 2152 con·

263 2201 401 2284 textui,
435 2202 495 2271 suo
520 2222 670 2295 quasque
701 2202 810 2289 loeo,
857 2198 970 2272 statim
1003 2203 1162 2297 subjicit3
1196 2224 1267 2294 quo
1366 2206 1371 2216 '

262 2319 499 2404 ‘commoditati
520 2322 705 2419 legentium
733 2322 825 2397 haud
850 2344 970 2418 parum
994 2319 1112 2422 utiq'ue
1135 2321 1267 2396 consul·

264 2467 339 2522 tum
354 2466 427 2523 est:
444 2445 482 2521 dt
501 2450 641 2541 vellem,
665 2442 871 2523 idem‘nobis
886 2446 1003 2519 facere
1019 2447 1052 2520 in
1071 2450 1135 2523 hac
1152 2466 1269 2523 nostra

215 2620 217 2625 ·
265 2574 439 2652 inditione
458 2599 521 2672 per
546 2578 654 2651 varias
679 2576 831 2658 caussas,
856 2595 938 2667 quas
963 2572 1008 2643 nil
1034 2573 1158 2646 attinet
1185 2595 1269 2645 enu-

264 2697 417 2790 merare,
442 2704 600 2775 licuisset.
653 2702 721 2767 Sed
735 2699 816 2767 illud
839 2698 990 2767 maximo
1008 2694 1193 2790 legentium
1217 2694 1268 2769 in·
1327 2738 1334 2752 ·

267 2821 450 2905 commodo
481 2823 605 2893 Editor
625 2817 681 2889 hic
714 2816 828 2909 fecit,
861 2837 899 2890 ut
929 2838 995 2888 nec
1026 2818 1076 2889 Η.
1101 2818 1267 2914 Stephani

267 2972 333 3025 nec
358 2947 500 3019 aliorum
528 2942 825 3020 rinnotationibusv
847 2944 983 3018 nomina
1009 2942 1187 3017 nudorum
1208 2942 1268 3016 ad·

266 3070 447 3174 scripserit
498 3071 551 3143 Ita
572 3070 634 3160 fit,
661 3090 700 3143 ut
723 3068 748 3143 fi
771 3096 857 3167 quae
875 3071 1017 3145 subinde
1039 3075 1125 3145 bene
1154 3070 1269 3144 obser·

267 3216 428 3278 nata-aut
442 3184 630 3294 ‘perspede
647 3196 828 3270 emendata
842 3196 876 3269 in
896 3197 958 3271 illis
981 3196 1268 3295 deprehenderit,

269 3323 404 3401 cuinani
438 3324 628 3398 mortalium
663 3326 753 3399 haec
774 3342 922 3421 accepta
954 3322 1077 3396 debeas
1111 3322 1268 3410 referre,

269 3452 407 3531 nescias.
452 3448 629 3522 Nimirum
654 3450 721 3526 hoc
738 3447 852 3542 ipsum
880 3446 1047 3544 spettasse
1072 3442 1267 3542 praeclaris·

268 3582 389 3656 simum
409 3576 501 3648 illum
529 3574 707 3648 Editorem
738 3572 830 3645 haud
854 3574 1196 3669 obscure‚,..apparet,
1230 3592 1270 3648 ut

266 3699 429 3803 'quoniam
454 3700 530 3774 satis
554 3699 657 3773 etiam
681 3699 754 3796 ipse
779 3695 1002 3795 significavit,
1035 3698 1107 3771 suas
1133 3722 1270 3798 quoque

271 3823 590 3909 animadversiones
605 3826 656 3921 (in
672 3825 783 3921 prima
805 3844 902 3897 certe
919 3820 1036 3921 parte)
1058 3824 1269 3926 reliquorum

1102 3986 1105 3994 ·
1144 3953 1265 4028 dudio·
