2967 4859
206 359 228 376 ··
311 388 717 480 mamertus
758 384 1116 494 unnvronns.
1166 381 1236 494 iao

238 563 317 648 dum
354 594 393 645 ac
424 564 642 664 dirigendum.
694 568 808 671 Quare
843 568 939 667 saepe
971 574 1108 647 miratus
1143 571 1234 662 sum,

236 697 337 789 suirse
361 698 512 773 homines
536 692 623 768 haud
650 693 824 784 indodtos,
839 779 842 784 ¹
855 693 912 791 qui
934 694 1037 794 hujus·
1048 692 1146 771 libelli
1165 699 1237 793 vim

237 845 304 910 non
320 824 488 917 caperent.
540 818 620 896 Fuit
634 820 691 918 qui
712 842 790 920 eum
819 815 943 893 omissis
968 820 1238 902 Animaduersro·
1279 817 1289 911 l

237 946 332 1019 nibus
349 943 601 1019 Ruhnkenianis
618 965 808 1043 repeteret:
826 942 907 1039 qui,
927 966 995 1037 quo
1012 947 1144 1020 consilio
1161 948 1235 1019 usus
1278 1016 1282 1036 ,

238 1069 362 1157 suerit,
395 1070 464 1167 ipse
488 1068 622 1146 viderit.
656 1069 734 1151 Fuit
757 1070 858 1161 alius,
873 1061 1100 1163 Philosophiae
1116 1073 1238 1146 Histo·
1327 1135 1330 1148 .

234 1195 315 1267 tiam
334 1194 493 1283 trattans,
518 1175 575 1289 qui
589 1213 785 1289 quereretur
799 1217 915 1290 parum
931 1194 1001 1266 esse
1025 1193 1176 1266 utilitatis
1200 1191 1238 1268 in

236 1320 302 1392 hoc
323 1321 406 1391 libro
423 1319 463 1389 ad
481 1318 652 1390 Platonem
670 1319 936 1415 intelligendum.
989 1320 1125 1398 Scilicet
1141 1317 1238 1415 igno·
1291 1380 1294 1386 .

235 1448 352 1532 rabat,
372 1462 447 1517 aut
480 1466 548 1515 non
578 1441 768 1537 cogitabat,
800 1444 851 1520 vir
875 1443 1015 1533 deeius,
1030 1420 1033 1424 ¹
1049 1440 1128 1542 quid
1151 1441 1238 1513 esset

176 1587 185 1599 '¹
238 1569 504 1658 Grammaticus,
542 1566 690 1663 quidque
722 1570 763 1641 ab
794 1592 838 1644 eo
869 1567 1098 1667 postulandum
1139 1567 1239 1644 esseta
1294 1661 1299 1671 ι

233 1700 380 1773 Primum
403 1692 511 1767 oratio
524 1693 670 1768 Platonis
686 1695 903 1793 percipienda
926 1712 999 1782 est,
1023 1693 1144 1766 deinde
1159 1692 1239 1768 Phi·

236 1822 400 1914 losophia:
426 1841 490 1891 nec
502 1818 729 1914 philosophice
747 1821 886 1918 intelligi
904 1838 1038 1915 potest,
1064 1819 1123 1892 nili
1138 1834 1237 1904 antea

239 1945 463 2036 Grannnatice
482 1943 670 2013 intelledlus
693 1943 808 2016 suerit.
850 1946 988 2037 Neque
1026 1938 1113 2015 enirn
1146 1939 1239 2035 cogi·

239 2066 332 2140 tandi
345 2065 465 2153 solum,
490 2063 545 2135 sed
564 2062 751 2137 &dicendi
771 2065 915 2141 summus
934 2062 1052 2165 autior
1064 2066 1106 2136 ab
1135 2062 1237 2137 Anti·

238 2190 313 2287 quis
335 2188 467 2282 habitur
484 2210 536 2286 est
559 2189 667 2263 Plato.
717 2192 835 2288 Itaque
857 2188 974 2272 nadius
997 2210 1049 2259 est
1071 2189 1237 2285 interpre-

195 2335 200 2343 ’
236 2336 288 2389 tes
310 2339 378 2389 non
392 2314 494 2387 modo
512 2312 746 2407 Philosophus,
770 2312 828 2408 qui
843 2314 915 2405 ejus
930 2312 1114 2384 dodlrinam
1133 2312 1238 2406 expli·

240 2454 371 2512 carent:
389 2435 446 2507 sed
461 2434 500 2510 dt
518 2430 705 2524 Rhetores,
722 2436 780 2534 qui
802 2420 960 2508 orationis
976 2417 1155 2516 artificium
1177 2458 1238 2513 ex·

238 2579 422 2661 ponerent:
449 2559 487 2634 <t
513 2558 775 2647 Grammaticos,
796 2556 854 2655 qui
871 2582 977 2635 voces
993 2565 1141 2661 antiquas
1162 2562 1238 2637 &a

240 2684 409 2764 communi
423 2686 482 2759 usu
503 2682 667 2780 sejunctas*
688 2682 996 2778 interpretarentur.
1047 2686 1114 2761 Sed
1136 2708 1239 2759 nemo

240 2837 395 2911 umquam
422 2831 482 2885 aut
505 2807 720 2904 Philosophus
755 2805 967 2899 doetrinarn,
1008 2831 1066 2884 aut
1103 2813 1238 2887 Rhetor

239 2938 398 3017 orationis
421 2935 617 3019 artificium,
649 2955 748 3007 antea
779 2954 949 3028 exponere
971 2934 1139 3030 aggressus
1162 2955 1238 3025 est,

238 3089 336 3162 quarn
366 3061 623 3134 Grammaticam
658 3058 843 3127 rationem·
860 3054 1073 3146 percepisset.
1136 3060 1237 3132 Haec
1359 3122 1364 3146 ,

238 3190 326 3265 enirn
345 3188 540 3281 reliquarum
558 3203 668 3253 rerum
689 3176 955 3274 intelligentiae,
971 3198 1136 3280 tamquam
1159 3182 1238 3257 sun·

232 3286 449 3399 amentum,
474 3307 619 3406 subjedla
642 3323 726 3381 erat.
780 3304 940 3375 Timaeus
966 3302 1035 3378 suit
1066 3313 1236 3383 Gramma·

238 3449 346 3524 titus,
370 3462 389 3511 e
409 3435 539 3527 seculo,
566 3454 603 3507 ut
629 3431 786 3535 credibile
812 3444 884 3516 est,
917 3429 1031 3506 tertio.
1082 3438 1242 3512 Lexicon.

239 3569 310 3661 ejus
340 3589 381 3638 an
402 3561 569 3658 integrum
590 3557 632 3631 ad
657 3581 717 3631 nos
737 3554 950 3651 pervenerit,
984 3556 1083 3633 statui
1108 3563 1237 3659 nequit.

243 3694 363 3774 Certe,
400 3688 506 3759 multo
539 3686 648 3782 plures
674 3684 750 3756 sunt
781 3681 816 3754 in
838 3683 977 3755 Platone
1000 3705 1128 3775 voces,
1150 3711 1236 3786 quae

244 3810 499 3891 Grammaticam
516 3809 825 3907 interpretationem
840 3804 1036 3879 desiderent.
1053 3794 1125 3886 'Sed
1139 3811 1236 3909 quid·

239 3936 321 4042 quid
339 3921 410 4033 ejus
426 3938 481 4009 vel
495 3953 569 4025 est,
586 3935 640 4009 vel
655 3934 985 4031 superest,magnam
999 3932 1100 4012 habet
1115 3936 1239 4032 utilite·-
1344 3925 1346 3936 ’

1165 4049 1251 4134 tem*
