2967 4859
282 361 330 442 u
377 335 425 417 o.
452 328 514 416 u.
541 323 1135 424 aurulovuasrouas
1158 334 1224 421 tu

148 574 151 578 -
281 517 366 593 toris
389 535 511 590 munus
528 515 735 613 explendum
752 504 891 612 fuisset,
913 516 1080 595 debebam
1108 510 1148 594 cir
1170 510 1297 617 scripu·

230 737 234 743 Ι
283 658 340 718 toa
361 640 464 718 libros
481 658 672 735 excutere,
697 639 736 717 ἃ
760 641 855 718 locos
878 639 1056 719 historicos
1075 636 1277 743 frequentet

280 762 474 862 attingere,
507 765 546 842 ἃ
570 766 676 841 multa
695 766 846 863 priorum
871 765 1052 845 Editorum
1079 790 1197 848 notata
1225 795 1311 876 ret·

283 879 416 992 petere.
466 894 544 984 At,
578 913 683 989 quum
713 890 865 966 Editoris
889 917 1011 972 munus
1037 896 1284 995 deposuerim,

282 1042 352 1098 non
376 1015 495 1124 dubito
529 1016 610 1117 quin
641 1014 733 1115 apud
757 1018 878 1093 harum
904 1009 1097 1093 Literarum
1119 1017 1285 1095 studiolba

284 1147 352 1222 bae
379 1141 698 1220 Animadverliones
711 1141 787 1241 plus
801 1146 844 1219 ab
859 1142 900 1220 iis
915 1141 1092 1243 partibus,
1118 1167 1206 1241 qnae
1223 1144 1287 1219 ad·

204 1360 207 1364 ,
284 1270 383 1356 sunt,
407 1266 733 1359 commendationis,
759 1289 862 1366 quam
883 1270 927 1345 ab
941 1265 1003 1361 iis,
1029 1292 1115 1368 quae
1139 1268 1262 1345 desunt
1273 1313 1297 1362 ,-

179 1434 194 1468 κ
286 1393 557 1497 reprehenlionis
574 1392 753 1470 habiturae
773 1390 850 1469 smt.
875 1395 1062 1488 Ceterum,
1087 1408 1131 1471 ne
1148 1396 1287 1494 ignore·

279 1527 347 1600 -nlr
378 1519 695 1600 undeReiakianar
721 1540 913 1598 memorem
944 1521 1183 1617 conjecturas:
1226 1524 1292 1598 has

285 1639 394 1747 igitur
407 1648 497 1721 inter
505 1643 629 1740 Julianl
635 1644 837 1737 lectionem,
855 1667 957 1742 quam
970 1644 1038 1720 mei
1046 1645 1163 1720 caussa
1178 1646 1290 1721 susce*

286 1789 408 1876 perat,
434 1770 496 1847 fibi
517 1788 633 1864 natas,
654 1770 699 1845 ad
719 1793 779 1846 me
795 1768 1024 1846 transmiserat
1038 1769 1217 1863 Reialrius,
1233 1774 1293 1850 vir
1361 1859 1364 1864 y

289 1897 461 1997 optimus,
473 1894 624 1995 mihique
636 1895 822 1974 laudandus
840 1897 974 1990 cumob
987 1894 1150 1995 ejurerga
1158 1920 1214 1972 me
1229 1900 1296 1975 be·

286 2023 529 2116 nivalentiam,
552 2041 627 2098 tum
645 2025 691 2100 ob
707 2020 811 2121 lpfius
827 2022 1055 2100 eruditionem
1071 2025 1111 2099 δι
1125 2039 1294 2103 acumen:

168 2131 175 2144 ’
288 2149 507 2250 quoquidem
523 2149 681 2223 acumine
692 2148 908 2238 factumest,
926 2166 1021 2221 utex
1034 2146 1296 2239 innumerabili,

289 2298 375 2378 quas
394 2274 431 2347 in
466 2290 585 2346 omnes
608 2271 683 2345 fere
718 2272 873 2347 Graecos
903 2269 1076 2346 Auiioren
1107 2269 1296 2369 proludio,
1351 2249 1354 2262 ¹

241 2462 245 2471 .
292 2400 565 2500 emjellurarum
578 2376 814 2486 multitudine,
832 2399 946 2497 pluteo
963 2397 1030 2472 lint
1042 2401 1176 2487 bonae,
1192 2419 1298 2493 quarn

291 2551 314 2606 a
354 2545 427 2605 tam
464 2524 607 2600 incitata
645 2523 868 2600 festinatione
909 2518 1175 2619 exspectandum
1208 2543 1298 2602 erat.

292 2654 431 2731 Harum
442 2648 548 2744 igitur
560 2673 616 2721 eas
627 2670 762 2721 tantum
779 2668 956 2734 memoro,
974 2666 1061 2740 quae
1075 2667 1141 2722 nec
1153 2644 1299 2724 Reiskio

294 2779 477 2870 indjgnae,
504 2788 569 2841 nee
586 2768 720 2862 Juliano
746 2767 881 2845 inutiles
905 2766 982 2842 fint.

343 2903 471 2969 ΛΟΓΟΣ
490 2872 550 2992 K]
574 2894 748 2973 Orationis
764 2896 862 2993 hujus
876 2896 1024 2971 formam
1042 2884 1299 2973 adulterorum

172 3025 175 3030 ’
296 3040 487 3127 praecepta
495 3018 648 3119 exegisse
656 3022 948 3117 videturJulianns
959 3048 1001 3114 ‚a
1018 3046 1164 3121 quorum
1180 3021 1298 3121 cogni·

297 3152 698 3228 tionetumrecenserat.
722 3148 764 3222 In
775 3148 972 3227 dictione&
986 3147 1061 3226 stilo
1069 3150 1307 3245 nondumqul-

278 3278 379 3355 ³dem
386 3301 426 3352 ea
436 3292 489 3350 est
495 3272 672 3348 maturitas
681 3328 694 3365 ‚
703 3297 746 3348 ac
762 3274 904 3351 firmitas
918 3274 1046 3373 quaein
1058 3272 1305 3372 posterioribus

301 3409 375 3507 ejus
393 3401 548 3500 scriptis3
565 3401 653 3476 nulla
671 3418 785 3474 tamen
803 3400 996 3494 curiosum,
1014 3402 1094 3476 nulli
1104 3398 1305 3486 calamistri,

303 3536 414 3611 nullae
427 3527 597 3627 ineptiae,
616 3525 872 3604 contrasanitas
888 3501 1152 3626 acsrmplicitai,
1178 3547 1245 3599 nec
1260 3545 1305 3601 ea

301 3658 374 3737 line
404 3658 519 3733 nervis
545 3678 594 3746 ac
621 3652 812 3730 luminibus.
850 3649 970 3761 'Quod
993 3639 1181 3727 miiandum
1205 3646 1245 3725 n
1268 3647 1306 3723 in

303 3782 539 3877 adolescente,
554 3779 593 3859 ἃ
608 3780 721 3859 seculo
729 3799 915 3879 corruptae
924 3777 1146 3879 eloquentiae.
1171 3778 1240 3854 Sed
1246 3780 1304 3875 Ju-

178 3962 184 3975 ·
297 3902 1303 4036 lianummum‘ingeniibonitanraneternmstudium,su·

684 4055 687 4060 .
1001 4056 1006 4066 ,
1241 4049 1305 4129 pm
