2967 4859
235 404 304 469 116
354 390 737 470 RELATIONES
776 388 1148 482 BREVIO-RESJ¹

238 563 463 655 Ruhnkenio,
484 565 545 666 ¹qui
564 565 599 638 in
622 564 692 639 aliis
715 563 827 638 multis
853 566 1138 663 occupationibus·
1151 564 1244 641 inane·
1276 545 1279 549 ¹

237 713 372 787 operam
387 695 533 765 Mureto
548 691 709 778 navavit,
735 711 775 765 ut
789 692 859 787 ejus
875 692 975 765 libros
990 718 1130 790 quorum
1147 718 1243 768 conr·
1259 732 1261 738 ·

237 815 348 911 plures
372 813 440 909 jam
475 812 549 886 fere
577 835 803 906 evanuerant,
833 841 948 893 omnes
973 820 1163 918 colligeret,
1195 843 1241 895 ex

237 936 373 1034 optimis
387 936 427 1010 de
441 936 669 1035 antiquissimis
685 940 890 1020 editionibus
911 947 1061 1040 integros
1084 944 1246 1019 srncerosi

238 1086 306 1161 que
327 1059 605 1160 repraesentaret,
630 1063 737 1162 iisque
751 1070 888 1143 edendis
904 1072 1001 1166 plane
1018 1071 1167 1145 criticam
1191 1095 1244 1161 ra·¹

239 1190 366 1265 tionem
392 1188 576 1262 adhiberet.
598 1271 601 1276 ¹
626 1190 700 1284 Jatn
724 1189 823 1266 libros
833 1246 852 1284 ,,
887 1194 944 1289 qui
967 1194 1003 1267 in
1039 1217 1244 1292 unoquoque

240 1313 357 1415 'sorno
393 1313 524 1403 iissent,
558 1335 801 1394 enumeremus.
834 1318 927 1392 Tom
965 1317 994 1391 I.
1027 1303 1245 1412 Praefationes

237 1442 318 1514 duae
336 1444 475 1536 priorum
502 1441 690 1534 Edonum,
715 1444 834 1537 Jacobi
864 1438 1020 1534 bitomafii
1036 1438 1078 1523 Ei
1101 1444 1245 1537 Joannis

163 1627 166 1636 Δ
239 1567 407 1641 Cbeerotii.
441 1570 567 1641 Mureti
581 1573 650 1640 uita
667 1575 708 1641 ab
722 1572 848 1644 Andura
861 1567 986 1639 Schotto
997 1564 1129 1663 scripta.
1166 1571 1245 1641 Mu·

238 1695 300 1764 reti
324 1694 511 1764 Orationum
533 1692 690 1763 uolumina
709 1695 777 1790 duo.
796 1696 954 1788 Opusmia
967 1698 1071 1766 varia.
1120 1692 1245 1790 Episto·¹

237 1820 288 1891 iae
310 1816 353 1889 ad
373 1817 572 1889 Lambinum.
623 1814 835 1909 Epistularum
865 1820 938 1886 libri
960 1837 1037 1893 tres.
1094 1822 1245 1893 Carmina

236 1940 415 2033 Junenilia.
441 1940 590 2012 Poemata
618 1940 718 2015 uaria.
772 1939 875 2013 Torn.
912 1940 957 2014 11.
991 1938 1157 2014 Variarum
1185 1941 1244 2014 Le·
1334 2007 1338 2015 .

188 2053 191 2066 ¹
218 2070 367 2141 'Oionum
386 2053 458 2137 iibri
487 2064 559 2141 XV.
588 2066 766 2139 Eorundem
794 2067 867 2139 libri
894 2065 957 2139 IV.
984 2062 1243 2160 Observationum

237 2191 354 2284 Juris,
380 2190 646 2279 iiberstnguiarir.
686 2191 929 2276 Commentarius
948 2194 982 2260 in
1005 2192 1160 2275 Ciceronis
1188 2190 1245 2262 Ca·
1375 2176 1378 2213 ⁵

238 2316 406 2410 ribuarios.
430 2313 553 2386 Seiroiia
587 2316 619 2382 in
652 2308 848 2383 Terentium
867 2312 1107 2385 Commentarius
1133 2316 1165 2382 in
1186 2314 1243 2384 Ca·

238 2443 357 2516 rublum.
393 2439 516 2511 Scirona
550 2438 580 2506 in
610 2434 787 2524 Tibullum,
814 2436 1028 2531 Propertium,
1055 2440 1253 2528 Horatium·

242 2567 400 2640 Ciceronis
424 2564 624 2657 Philippicas.
650 2565 753 2636 Tom.
781 2561 846 2636 ΙΙΙ.
871 2562 993 2634 Seiroiia
1023 2567 1054 2633 in
1082 2564 1243 2638 Senecam.

242 2692 487 2776 Cornrnentoriur
512 2695 543 2760 in
567 2688 747 2785 Aristotelis
774 2690 902 2758 Etirira.
956 2688 1201 2761 Commentarius·
1212 2694 1247 2761 in

241 2818 391 2910 Ejusdem
429 2819 637 2887 Oeconomico.
678 2816 899 2905 interpretatio
932 2807 1111 2905 Topieorurn
1152 2815 1247 2885 Libri

241 2943 275 3015 V
275 2941 331 3012 II
361 2939 435 3022 &²
426 2964 455 3009 m
475 2947 600 3009 euntem
627 2938 801 3004 Alexandri
821 2942 872 3026 Ap
874 2934 986 3023 nodus
973 2936 1050 3025 ens
1037 2962 1066 3005 s
1090 2942 1247 3012 Commen-

241 3070 329 3141 tatii.
356 3064 634 3137 Commentarius
624 3083 654 3129 m
677 3061 699 3129 I
719 3055 761 3139 Β
776 3060 819 3130 tr
834 3060 943 3132 bibrum
969 3060 1108 3135 Platonis
1126 3062 1161 3133 de
1179 3061 1246 3136 Ra-

239 3194 372 3288 publiea.
402 3193 504 3261 Notae
521 3191 553 3257 in
584 3187 820 3278 Xenophontem.
861 3185 1039 3280 Aristotelis
1063 3188 1245 3264 Rhetorice·

243 3342 326 3396 runt
349 3315 418 3387 iibri
448 3314 522 3400 duo,
548 3314 677 3383 Murero
709 3315 886 3405 interprete.
926 3313 1051 3385 Scholia
1074 3316 1105 3383 in
1132 3316 1245 3388 librum

245 3443 268 3515 1
284 3437 325 3521 i?
343 3441 401 3526 ΙΙ,
426 3436 663 3512 Riretorreorum
680 3436 867 3534 Aristotelis.
894 3436 1015 3511 Seiroiia
1034 3441 1066 3511 in
1091 3440 1243 3513 Ciceronis

170 3571 180 3578 “
245 3565 452 3640 Tusculanam
472 3568 623 3659 primam:
636 3567 667 3632 in
686 3566 820 3655 ejusdem
841 3561 1026 3658 Officiatin
1048 3566 1140 3636 libros
1155 3564 1190 3635 V
1206 3563 1242 3636 de

245 3692 400 3765 Finibus:
416 3702 448 3761 io
478 3695 657 3764 Orationem
680 3711 830 3785 protege
854 3690 1018 3782 Dejotaro.
1046 3691 1148 3762 Tom.
1174 3689 1244 3765 lv.

248 3819 489 3891 Commentarius
525 3820 557 3889 in
584 3813 690 3885 Taciti
709 3817 861 3889 Annales.
887 3820 987 3889 Notae
1019 3822 1052 3887 in
1083 3812 1242 3889 Taciturn.

243 3942 367 4017 Sabalia
388 3944 422 4015 in
441 3940 628 4038 Sallustium.
662 3941 907 4019 Commentarius
924 3948 958 4019 aie
973 3945 1104 4043 Origine
1123 3945 1243 4037 June,

1204 4063 1239 4134 de
