2967 4859
257 347 306 426 ss
338 315 569 417 suntuna
588 337 638 416 11.
663 319 864 415 nunant
880 337 956 416 nu.
974 339 1105 419 urs'r.
1123 346 1256 422 nora·

256 516 531 618 praestantiaque
560 513 729 591 Editionis
753 487 972 613 intelligatur.
1032 484 1080 593 Bi
1111 519 1258 617 primum

255 645 302 718 de
331 642 508 735 Austore,
534 639 722 716 deinde-de
736 643 856 741 Opere
874 640 1036 752 dicamus.

302 770 482 867 Appianus
499 770 645 864 patriam
664 768 783 845 habuit
808 768 1066 874 Alexandriam,
1090 768 1125 842 in
1150 791 1259 866 eaque

253 895 442 994 praecipua
457 896 610 991 ¹quadam
630 892 900 990 fuitdignitate.¹
950 897 1086 988 Romae
1107 896 1145 970 in
1163 917 1259 969 caus-

250 1022 294 1099 sis
315 1048 381 1121 pro
399 1020 577 1095 Caesarum
598 1016 756 1092 tribunali
777 1023 917 1118 agendis
935 1023 1108 1124 versatus,
1134 1019 1259 1099 deinde

251 1174 273 1225 a
307 1144 505 1222 Caesaribus
547 1149 754 1220 Procurator
791 1168 910 1220 eorum
949 1146 1154 1221 constitutus
1193 1166 1258 1225 est.

249 1275 355 1350 Haec
364 1269 468 1372 ipse,
481 1273 645 1349 nonsatis
669 1269 871 1369 perspicue,
897 1272 934 1348 in
954 1273 1169 1385 praelatione
1183 1298 1257 1350 me·

250 1420 373 1479 murat.
424 1402 521 1476 Nam
540 1402 585 1474 de
607 1400 709 1476 rebus
735 1400 802 1475 suis
825 1417 946 1490 autea,
972 1419 1012 1476 ut
1031 1400 1158 1480 eodem·
1176 1404 1257 1479 loco

250 1526 322 1616 ait,
349 1524 561 1623 peculiarem
583 1524 732 1602 libellum
755 1524 969 1623 vulgaverat.
1018 1528 1179 1602 Caesaoes
1194 1530 1258 1605 hos

139 1655 141 1664 ’
247 1650 352 1731 fuisse
374 1649 584 1747 bajanum,
611 1651 826 1726 Hadrianum
852 1649 1121 1726 &Antoninum
1137 1652 1257 1742 Pium,

144 1811 149 1818 ·
247 1792 445 1873 temporum
471 1776 597 1850 indicia
621 1774 818 1874 ostendunt.
867 1773 1086 1849 Procuratoris
1111 1773 1258 1873 Caesaris

249 1893 366 1979 autern
399 1901 580 2002 provincia
619 1899 759 1975 videtur
797 1897 1017 1977 Praesestura
1059 1900 1258 2000 Augustalis

247 2027 537 2132 Aegyptisuisse.
766 2031 770 2039 '
886 2026 891 2040 ‘
1000 1987 1006 2030 ι

292 2159 488 2228 Romanam
513 2151 703 2227 Historiam
729 2148 823 2223 libris
843 2148 966 2248 viginti
989 2150 1028 2225 dr
1052 2152 1186 2228 duobus
1209 2154 1255 2230 ita

243 2255 465 2372 conscripse,
485 2291 525 2345 ut
548 2273 704 2347 locorum
731 2272 965 2372 potiusquam
987 2293 1184 2371 temporum
1198 2300 1254 2351 or·

244 2383 360 2474 dinem
385 2400 603 2497 sequeretur:
630 2419 803 2497 nequent
828 2422 882 2473 res
904 2418 1020 2497 gesta-s
1043 2419 1164 2474 omnes
1184 2383 1255 2478 ‘uua

244 2524 409 2624 deinceps
432 2526 516 2601 serie
542 2527 825 2626 persequeretur,
860 2528 977 2628 prouti
1000 2526 1157 2625 plerique.
1179 2551 1254 2603 om-

245 2653 498 2736 ues‚Historici
517 2655 699 2738 fecerunt3
726 2637 784 2724 sed
810 2672 869 2740 ut,
897 2654 1081 2726 secuudum
1106 2652 1255 2731 varieta-

244 2799 318 2855 tem
342 2779 551 2872 populorum
576 2773 736 2843 Romano
762 2772 907 2868 imperio
931 2773 1252 2870 subjeilorumde

244 2908 347 2980 rebus
367 2896 547 2995 bellisque,
573 2918 660 2992 quae
679 2894 845 2970 Romanis
862 2921 941 2970 cum
965 2922 1101 2996 quoque
1120 2905 1250 3001 populo

243 3030 405 3115 fuerunt,
438 3023 659 3122 smgularibus
688 3022 780 3103 libris
804 3022 1021 3118 peculiariter
1048 3048 1250 3126 exponeret,

245 3159 369 3251 ltaque
400 3149 563 3225 librorum
599 3151 686 3224 hacc
709 3147 849 3228 fuerunt
876 3157 1090 3246 argumenta.¹
1138 3160 1167 3236 1.
1193 3160 1251 3236 De

243 3277 394 3379 regibus
444 3273 492 3354 ll.
507 3278 565 3349 De
581 3276 683 3347 rebus
700 3272 836 3349 Italicis.
871 3276 952 3352 ¹111.
972 3278 1136 3355 Debello
1153 3282 1251 3355 Sam·

142 3437 149 3453 ¹
241 3389 378 3488 tritico(
416 3406 484 3481 IV.
510 3404 568 3477 De
587 3400 682 3476 bellis
708 3398 861 3475 Gallicis
908 3402 958 3474 V.
975 3405 1045 3475 -De
1066 3407 1170 3478 rebus
1197 3403 1247 3478 si·

242 3534 359 3623 ciliae,
387 3527 583 3618 Sardiniae,
600 3525 778 3619 Corsrcae,
797 3530 942 3620 Cretae,
961 3527 1079 3627 Cypri.
1107 3529 1175 3604 Vl.
1189 3530 1249 3608 De

241 3655 338 3737 bellis
376 3653 586 3753 Hispanicis.
647 3653 732 3729 VII.
768 3655 824 3727 De
847 3641 1089 3731 vHannibalico
1130 3656 1246 3751 bello,

242 3785 327 3870 seu,
370 3782 500 3855 Punico
526 3778 688 3855 secundo.
754 3780 858 3854 Vlll.
893 3783 951 3853 De
984 3780 1119 3879 reliquis
1153 3784 1248 3862 bellis

239 3905 392 3999 antor,
410 3905 564 3997 Prtnicis,
589 3906 629 3981 dr
644 3902 853 3981 Numidicis.
869 3955 871 3962 ·
894 3906 957 3981 IX.
976 3906 1035 3980 De
1048 3912 1150 3989 rebus
1166 3916 1246 3987 Ma.

283 4053 323 4094 ”·
716 4053 720 4060 “
1138 4031 1242 4115 tedo-
1342 4104 1346 4112 .
