2967 4859
349 417 352 424 ,
397 332 654 444 anta-tonis
680 333 780 412 orn.
804 284 1131 461 atnrarcnt'
1229 336 1253 410 5

259 514 354 595 ultro
369 513 521 611 citroque
538 516 698 590 oberrare
718 507 850 600 coacti,
879 501 1130 599 defatigantur:
1158 493 1270 604 quod·

261 639 365 735 magis
382 636 485 713 etiam
502 638 565 734 fit,
592 639 617 715 ti
635 630 869 723 addenda&
887 632 1022 711 Scholia
1037 628 1173 728 Graeca
1193 648 1251 700 ac·

210 789 213 796 ·
262 760 396 837 cedunt.
447 766 487 838 In
510 763 622 841 libello
645 763 689 837 de
712 761 798 837 Sera
819 756 980 833 Numinis
1006 750 1194 840 vindicta,
1225 748 1253 825 fi

257 885 331 982 ipse
343 889 443 964 istam
463 886 727 983 descriptionem
752 886 877 983 partim
893 886 1030 959 secutur
1046 880 1137 969 sum,
1161 863 1254 955 sedr-

198 1051 201 1056 ·
256 1010 318 1088 srtn
339 1012 498 1108 ponenda
524 1009 832 1109 interpretatione,
855 1012 924 1086 hoc
943 1029 1012 1083 non
1029 1026 1072 1078 co
1095 1004 1190 1078 valet
1214 1021 1254 1077 ut

256 1159 347 1216 nunc
363 1162 497 1235 quoque
519 1140 614 1213 redte
638 1128 942 1242 fatrumjndicem.
992 1129 1087 1227 Ergo
1110 1129 1256 1246 pritnam

252 1261 397 1358 paginae
422 1283 556 1361 partem
573 1267 697 1341 habeat
717 1263 841 1337 Graeca
860 1265 979 1336 oratio:
1006 1257 1114 1350 cuijn
1136 1254 1252 1332 nostrd

213 1401 216 1404 ’
253 1384 426 1463 Plutarchi
446 1391 595 1466 editione
616 1370 849 1487 adjtrngentur,
866 1406 969 1463 notae
987 1384 1185 1485 paginarum
1202 1401 1251 1454 ex

254 1508 418 1581 Editione
428 1515 564 1588 Graeco
574 1515 717 1598 -Latina
725 1568 736 1603 ,
748 1513 878 1609 quippe
892 1515 1005 1588 adhuc
1021 1510 1171 1586 maxime
1182 1507 1251 1578 [re-

252 1650 435 1730 quentatae
450 1659 470 1710 a
487 1636 573 1711 Virir
589 1637 719 1727 doctis,
746 1635 783 1713 dt
800 1662 890 1713 ame
912 1638 948 1714 in
973 1632 1162 1716 excitandis
1178 1631 1253 1703 Plu·
1328 1692 1332 1698 .

211 1841 215 1848 ,
249 1759 361 1835 tarchi
376 1759 459 1836 locis
478 1761 661 1848 adhibitae.
693 1764 851 1842 Proxima
873 1764 915 1839 fit
934 1758 1142 1842 Emendatid:
1160 1743 1250 1859 quae

195 1951 198 1957 ·
249 1880 288 1958 ἃ
305 1884 512 1981 raucisfimis
541 1891 735 1967 absolvatur
754 1897 890 1988 verbis,
910 1917 975 1969 nec
994 1891 1055 1966 nist
1078 1890 1113 1965 in
1140 1888 1252 1959 tribua

245 2012 403 2089 versetur
432 2015 642 2109 generibus:
676 2018 815 2113 primo,
852 2020 913 2096 ubi
945 2044 1036 2094 nova
1068 2015 1170 2100 lectio
1195 2010 1249 2085 in·

246 2135 413 2224 ducitur:
445 2137 623 2230 secunde,
668 2140 726 2220 ubi
759 2144 823 2221 alia
851 2145 954 2220 tertio
990 2146 1101 2217 fertur
1140 2160 1249 2234 aeque

244 2260 299 2335 illa
316 2266 404 2340 bona
423 2285 465 2338 ac
484 2268 638 2365 vulgata:
659 2272 1064 2372 terti0,ubi‚c0njettura
1084 2262 1247 2366 proponi·

242 2402 312 2497 Fur.
338 2388 437 2492 Quae
453 2392 590 2486 quidem
608 2398 806 2494 conjectura
820 2417 881 2473 aut
895 2397 1060 2471 rarissrme
1077 2394 1246 2470 autnum·

190 2537 194 2542 ’
245 2533 349 2605 quam
370 2514 407 2583 in
430 2515 599 2583 Graecam
617 2523 806 2588 orationem
831 2524 1030 2613 recipienda
1046 2539 1245 2610 est,neque

243 2652 339 2719 certe
354 2631 451 2720 aditet
474 2630 753 2732 nistvmernorata
771 2642 911 2733 vulgata
932 2640 1091 2713 lectione,
1139 2641 1246 2717 Ratio

239 2744 516 2849 Emendationis,
533 2758 593 2831 nist
609 2780 672 2853 per
688 2758 723 2832 se
739 2758 810 2857 ipsa
825 2780 885 2837 aut
901 2787 923 2838 e
939 2762 1107 2841 Verstone
1120 2766 1247 2848 intelli·

239 2902 360 2982 gatar,
385 2884 549 2961 reddetur
572 2888 629 2962 vel
651 2883 686 2968 in
710 2887 1019 2983 interpretatione,
1055 2889 1269 2990 fiquidems·

210 2997 214 3003 ⁵
239 3010 409 3109 praesenti
426 3035 515 3108 opus
523 3010 567 3087 fit
581 3012 743 3105 suardio,
754 3014 861 3087 veluti
875 3017 943 3090 hoc
960 3015 1141 3112 specimine
1161 3021 1240 3095 Plu·

238 3136 380 3219 tarcheo
394 3161 427 3231 p·
446 3159 530 3228 999.
546 3138 587 3218 E.
602 3137 651 3217 *de
665 3137 722 3214 illo
737 3142 924 3227 tractantiam
938 3143 955 3223 d
967 3144 1170 3230 yntpmt'prtt
1181 3145 1238 3216 vel

237 3260 408 3334 referatur
449 3261 484 3333 in
525 3262 677 3337 indicem
714 3266 955 3356 Graecitatis,
1003 3271 1109 3345 veluti
1154 3268 1237 3345 illud

233 3411 271 3485 p.
290 3401 397 3461 1000.
415 3386 462 3459 D.
477 3386 567 3459 naida
583 3376 713 3499 nordana
731 3394 854 3485 Nam,
867 3393 960 3490 quod
984 3394 1028 3469 ad
1045 3395 1113 3469 loci
1135 3396 1234 3470 intel·

231 3510 407 3610 ligentiam
425 3513 504 3587 satis
526 3507 599 3604 est,
615 3535 763 3613 apparet
782 3541 860 3592 cum
874 3544 937 3616 per
955 3522 989 3596 se
1013 3542 1087 3600 turn
1104 3544 1124 3593 e
1139 3524 1233 3598 Ver·
1301 3578 1309 3588 2

234 3635 325 3738 done
337 3633 481 3724 Latind,
497 3638 643 3738 adoptare
664 3644 732 3719 effe
753 3644 842 3715 auda
864 3648 1019 3738 antara,
1034 3670 1102 3722 non
1128 3649 1232 3721 amit&

232 3765 371 3836 undarat·-
418 3761 562 3859 Reliqua
592 3769 701 3843 omnis
723 3770 905 3848 Variarum
932 3773 1134 3858 Ledtionum
1160 3778 1231 3849 far-

129 3908 131 3914 ·
230 3908 318 3988 rago
332 3889 375 3962 ad
391 3890 521 3974 calcem
539 3891 615 3996 iibri
627 3896 820 3996 rejiciatur,
846 3924 912 3984 nec
937 3900 972 3977 in
989 3900 1112 3982 eaden
1129 3900 1228 3998 pagi·

704 4024 793 4122 ‚Ag
905 4059 908 4068 ·
1184 4027 1229 4099 nit
