2967 4859
338 337 752 422 nnnnrrouns
781 336 1134 419 nnnvronns.
1185 367 1257 446 u,

248 520 454 602 Animorum
468 520 764 620 Immortalitatem
781 540 849 593 nou
866 573 878 608 ,
914 536 956 593 ut
976 518 1200 622 Pytlngorici
1216 526 1258 611 b

247 648 447 739 Platonici,
478 664 652 743 tamquam
681 643 859 720 doetrinae
882 644 961 719 suae
990 646 1254 726 fundamentum

248 777 493 857 celebrarunt:
524 774 585 849 sed
612 792 727 846 tamen
749 794 827 846 earn
851 790 1058 862 tenuerunt,
1081 789 1256 872 tamquam

246 899 495 976 consetlarium
516 895 696 972 doblrinae
724 894 769 968 de
793 893 969 993 principiis
999 915 1173 988 naturae,
1216 897 1251 974 in

245 1024 368 1122 quibua
382 1024 596 1123 potissimum
614 997 844 1098 elaborabani
886 1021 978 1097 Seu.
1003 1023 1052 1099 11.
1075 1025 1114 1097 le
1128 1025 1253 1122 Pyrra·

242 1156 374 1247 goricir.
405 1152 578 1226 'Primum
613 1148 659 1222 de
692 1148 769 1245 ipso
800 1149 998 1245 Pythagora.
1059 1149 1250 1251 Magistro

242 1275 362 1350 babuit
376 1278 503 1375 partim
519 1275 678 1373 Jonicos‚
696 1275 823 1373 partim
841 1276 1063 1376 Theologot:
1090 1276 1127 1352 bi
1143 1273 1248 1350 solam

242 1404 320 1477 fere
345 1403 556 1476 efficientem
584 1401 736 1478 caussam
776 1402 1024 1495 celebrabant,
1065 1402 1109 1479 ad
1134 1400 1250 1487 omnia

111 1505 119 1530 ’
243 1528 566 1623 Deum,tamquam
579 1550 625 1601 ex
643 1524 823 1615 machina,
837 1525 1063 1604 inducebant:
1079 1527 1125 1601 illi
1140 1544 1249 1601 rnatu·
1353 1610 1358 1619 ,

242 1651 358 1729 rialem
385 1652 598 1754 potissrmum
625 1652 777 1727 caussam
801 1653 1094 1749 frequentabant,
1137 1649 1251 1727 omnia

241 1779 276 1852 in
310 1778 488 1877 principiis
521 1801 709 1876 corporum
746 1779 936 1876 ponebant.
996 1777 1055 1855 Ab
1071 1831 1074 1837 -
1091 1778 1249 1877 utrisque

240 1903 374 2002 optima
387 1904 518 1978 studuit
533 1906 703 1977 assumere
721 1902 760 1976 ἃ
781 1923 962 1999 utramque
990 1904 1141 1978 caussam
1166 1925 1250 1979 con·

243 2027 362 2101 ciliane
388 2030 631 2121 Pythagoras,
661 2052 681 2100 a
704 2027 834 2123 Jouicir
864 2045 979 2103 tamen
1007 2029 1074 2102 bac
1096 2028 1200 2101 etiam
1212 2028 1250 2100 in

240 2170 343 2249 parte
367 2149 546 2238 diversus,
579 2170 713 2228 utnon
738 2167 809 2227 tarn
834 2152 1031 2252 physicum,
1059 2166 1165 2249 prout
1182 2148 1249 2241 illi',

239 2276 299 2352 sed
326 2278 597 2377 metaphysicam
622 2280 791 2358 rationem
817 2282 1026 2377 sequeretur.
1080 2276 1250 2354 Doctrina
1317 2263 1324 2277 ‘

239 2404 313 2497 ejus
330 2407 418 2477 haec
434 2403 536 2473 fuisse
552 2402 712 2478 videtur:
740 2457 766 2490 „
780 2406 876 2475 Deus
892 2396 1099 2506 estAnimut
1114 2427 1177 2500 per
1190 2424 1248 2479 tu·

144 2589 150 2608 .,
241 2542 315 2597 tam
351 2546 468 2599 rerum
501 2540 656 2595 naturam
687 2524 839 2598 diffusus.
899 2526 977 2617 lpse
1007 2544 1062 2598 est
1091 2529 1245 2602 omniunt

164 2653 169 2670 ¹
238 2650 397 2749 primus,
429 2649 545 2726 caussa
568 2644 750 2740 efficiens,
783 2646 1002 2746 intelligens:
1035 2650 1178 2727 materia
1195 2664 1248 2727 est
1303 2653 1307 2675 '

130 2747 139 2764 ,
239 2777 393 2856 secundo
403 2778 498 2868 loco
518 2776 635 2852 caussa
649 2774 803 2873 patient,
818 2780 941 2865 bruta,
958 2777 1099 2852 rationis
1107 2800 1245 2879 erpere

178 2943 181 2948 ·
238 2902 357 2979 Animi
370 2899 545 2979 hominum
566 2903 723 2980 constant
737 2903 868 2978 duabus
884 2903 1057 3002 partibus,
1091 2897 1245 2983 rationali
1303 2962 1306 2971 .

239 3030 290 3105 &·
294 3027 505 3104 irrationali:
537 3025 591 3102 illa
609 3029 767 3104 desumta
793 3028 845 3104 est
873 3051 919 3103 err
942 3028 1012 3101 Dei
1035 3028 1246 3115 substantia

150 3181 155 3189 ·
240 3158 327 3231 baec
349 3178 395 3231 ex
418 3150 572 3232 materia.
623 3137 740 3225 Animi
766 3169 835 3227 non
861 3175 941 3227 cum
963 3151 1163 3253 corporibus
1182 3177 1245 3255 ρει

237 3299 370 3356 reunt:
410 3278 469 3354 sed
490 3277 616 3378 partim
638 3276 683 3350 ad
708 3278 856 3357 divinum
870 3281 1116 3373 substantiam,
1150 3275 1242 3357 unde
1274 3327 1281 3342 ·

222 3418 432 3501 uenerunt,
459 3406 625 3480 redeunt:
652 3403 778 3498 partim
792 3420 920 3505 poenm
936 3408 1072 3484 solvunt
1086 3407 1175 3482 male
1190 3407 1243 3483 fa·

240 3527 401 3628 Elorum,
434 3533 490 3607 vel
515 3528 608 3630 apud
635 3530 771 3609 Inferuu
786 3555 803 3625 ,·
823 3533 879 3609 vel
896 3529 930 3607 in
946 3532 1017 3607 aliis
1036 3530 1241 3628 corporibut

239 3678 320 3729 curn
339 3657 514 3735 bominum
538 3672 611 3729 turn
632 3647 826 3738 brulorum·
875 3658 972 3755 Nam
997 3677 1036 3758 et
1061 3662 1241 3737 brutorum
1326 3754 1330 3772 .

237 3778 383 3855 animae
382 3801 431 3863 tx
447 3785 579 3861 duabus
596 3784 771 3881 partibus,
799 3783 952 3861 rationali
969 3782 1008 3861 ur
1033 3786 1251 3880 urrunnun,

238 3902 408 4080 coulltnt.
471 3910 585 4011 Igitur
628 3911 801 3993 rationalis
831 3908 872 3987 ἀ
903 3906 1094 4017 intelligent
1129 3920 1240 4015 parts

671 4038 778 4128 Hi
1140 4036 1242 4139 polu
