2967 4859
345 359 1249 472 nunnutouns-nnnv1ounn123
1368 391 1370 407 ·

253 542 297 619 tis
315 518 500 641 patronus,
524 540 583 639 qni
600 534 717 642 statuit
735 538 858 649 „Esse
875 537 981 618 vitam
1001 540 1165 633 Animae,
1178 570 1259 625 cor.

252 683 340 773 pore
353 689 511 761 mortuos,
525 691 668 765 eamqtre
683 668 792 747 multo
810 642 1039 756 efficacioiem
1049 657 1098 752 'u
1114 670 1256 750 eviden-

250 796 397 887 tionem,
415 799 512 873 sensu
525 794 563 870 dt
578 819 694 878 rerum
709 776 957 893 perceptiode,
984 816 1085 895 quam
1111 796 1256 897 huncin

249 920 285 1003 in
308 944 457 1019 corpore
481 924 610 1027 uitam,
644 945 746 1018 quam
767 941 849 1018 prae
865 917 919 1003 illa
933 917 1052 997 futura
1068 921 1188 995 mortis
1202 923 1255 1000 in·
1376 928 1379 933 ’

231 1048 318 1132 ,stan
332 1048 415 1141 ense,
468 1050 655 1126 Animabus
668 1046 770 1143 apud
793 1047 927 1122 inferos
944 1047 1093 1141 praemia
1113 1072 1154 1122 ac
1171 1065 1258 1148 poen,¹

246 1194 307 1256 nus
331 1173 537 1275 ‚constitutas¹
554 1175 655 1253 esse:
691 1194 749 1246 eas
781 1171 886 1246 modo
910 1172 1015 1265 mori,
1036 1173 1086 1272 ¹‚id
1114 1194 1184 1263 est,
1216 1175 1253 1256 in
1378 1235 1380 1241 ,

246 1321 397 1400 corpora
410 1302 550 1394 venire,
567 1300 675 1376 modo
691 1298 831 1388 vivere,
849 1298 885 1371 id
898 1318 972 1390 ent,
989 1320 1087 1377 extra
1104 1282 1270 1401 corpore

247 1430 378 1523 degere
407 1451 450 1511 ac
478 1425 630 1525 vigere?
675 1422 900 1519 Subiungitur
931 1424 1168 1524 ffippocrates,
1206 1428 1251 1510 de

201 1577 206 1602 =
245 1553 341 1649 cujus
356 1550 524 1626 sententia
539 1552 575 1625 in
596 1569 755 1630 neutram
769 1568 906 1647 partem
931 1550 1139 1632 concludere
1156 1551 1254 1636 licet,

244 1678 336 1767 secl.
363 1681 430 1756 IV.
453 1679 490 1751 dc
518 1676 660 1757 Socrate.
714 1672 788 1754 Hic
812 1676 894 1779 quld
918 1673 963 1749 de
986 1676 1154 1753 hocloco
1175 1679 1252 1754 sen-

242 1802 324 1888 serit
348 1827 420 1883 non
442 1803 530 1880 adeo
545 1823 598 1878 est
613 1801 715 1890 facile
737 1802 784 1878 ad
807 1799 1094 1896 existimandum,
1130 1804 1156 1881 st
1180 1829 1251 1905 nott¹

241 1932 418 2009 Platonem
432 1929 538 2008 multa
550 1930 597 2002 de
617 1928 781 2025 magistro
808 1930 1020 2020 fingentem,
1054 1927 1113 2001 sed
1132 1933 1250 2011 Xeno·

142 2071 145 2080 ·
241 2055 409 2154 phontem
426 2074 511 2126 vere
527 2050 571 2123 de
590 2049 649 2127 illo
666 2052 864 2150 sincereque
879 2052 1107 2151 prodentem,
1133 2058 1252 2154 sequa·

240 2201 317 2268 mur
329 2206 344 2272 3
378 2176 619 2278 quippe-apud
644 2182 738 2262 bunc
767 2202 846 2253 raro
868 2199 936 2253 nec
952 2179 1117 2276 diserte,
1147 2161 1249 2284 apud

238 2304 331 2393 illum
351 2307 553 2403 frequenter
567 2302 608 2382 ἀ
622 2301 836 2404 copiose,de
845 2303 1049 2384 Animorum
1064 2310 1251 2388 Immortat

206 2487 209 2492 .
239 2430 335 2510 litate
361 2430 524 2526 loquitur.
575 2433 678 2510 Haec
711 2428 882 2503 dubitatio
905 2430 1074 2526 probabili
1103 2436 1248 2533 solvitur

239 2552 473 2654 disputatione
491 2574 509 2667 ,⁴
550 2552 647 2649 cujus
684 2557 773 2632 haec
807 2568 861 2625 ett
892 2553 1064 2628 conclusio
1097 2611 1124 2646 „
1164 2585 1247 2640 eum

236 2679 410 2765 subtiliora
424 2680 479 2755 illa
493 2699 696 2778 argumenta
710 2673 1248 2784 Immortalitatisnonettigissez

159 2818 168 2831 ·
237 2805 306 2890 hoc
329 2803 497 2894 onumen
520 2806 750 2901 Anaxagorae
772 2803 947 2902 disciplina
962 2807 1132 2902 tenuisse,
1157 2812 1246 2898 Ani,

236 2950 331 3013 mum
354 2932 538 3020 humanum
551 2929 623 3005 esse
644 2927 831 3009 divinitatis
848 2930 1074 3031 participem,
1098 2932 1137 3011 dt
1152 2929 1245 3034 quast
1326 2971 1328 2974 ·

236 3071 353 3129 ortum
372 3080 418 3133 ent
436 3061 584 3151 Mente,
616 3081 705 3164 quae
734 3075 848 3132 totum
877 3056 1043 3132 mundum
1059 3064 1244 3159 gubernat,

227 3177 288 3268 ¹Et
302 3199 505 3278 quamquam
523 3184 564 3259 in
586 3201 721 3273 morte,
745 3182 770 3257 fi
786 3181 926 3279 quidem
939 3185 981 3261 stt
1002 3211 1083 3264 cum
1100 3187 1244 3278 interitu
1262 3279 1264 3286 Ι

236 3304 355 3384 Animi
369 3293 571 3405 conjubila,
588 3308 635 3385 nil
647 3308 689 3384 fit
706 3309 802 3390 mali,
828 3330 943 3389 tamen
958 3314 1067 3391 multo
1079 3289 1244 3417 ensepre-

233 3432 402 3527 habilius,
434 3435 586 3528 Animor-
604 3436 649 3513 a'd
673 3437 790 3513 Deum
813 3462 857 3514 ac
875 3444 1037 3520 Mentem
1061 3435 1244 3544 Uninerfi,

235 3561 328 3640 unde
342 3560 415 3649 nati
429 3562 562 3653 essent,
586 3562 782 3653 rediturum
806 3564 956 3670 maxime
976 3550 1242 3671 ςυὶἀεῐιήιιίὶφ

233 3703 310 3768 rum
323 3690 490 3779 Animosa
508 3709 593 3763 nam
609 3711 664 3762 rer
681 3689 843 3766 humanas
859 3715 880 3768 a
896 3690 1013 3770 diviua
1030 3695 1158 3769 Mente
1173 3718 1239 3794 gut
1262 3682 1264 3685 ’

232 3812 394 3907 bernaii,
425 3837 517 3913 quae
540 3814 576 3893 in
593 3814 711 3915 primis
727 3815 897 3914 justorum
920 3817 1128 3910 hominum,
1157 3844 1239 3904 cunt

199 3935 396 4020 ‘vivorum
417 3958 491 4016 tum
520 3961 760 4036 mortuorum,
794 3965 913 4036 curum
937 3964 1048 4043 gerat,
1094 3946 1238 4044 ltaque,
1287 3954 1292 3976 ·

232 4059 303 4151 five
321 4066 504 4168 ‘quaedem
532 4067 574 4156 se
599 4065 745 4158 sacimas
769 4064 810 4155 dt
833 4065 1001 4172 munnio
1023 4087 1241 4155 mortuorum

267 4229 270 4248 '
805 4267 808 4272 -
1203 4222 1246 4289 ²⁸
