2967 4859
280 389 350 465 118
399 369 796 457 RELATIONES·
820 369 1177 454 BREVIORES.

166 613 171 621 .
276 555 431 636 statuisse
448 611 460 648 ,
479 529 482 536 ¹
501 554 616 654 itaque
637 569 820 648 utrumque
850 546 895 623 ad
927 548 999 644 ejus
1037 546 1276 631 auctoritatem

277 684 478 757 retulerunt.
531 676 599 752 Sed
627 680 696 753 hoc
723 675 927 752 cuicuimodi
952 677 1014 770 lit,
1040 675 1184 752 Thaleti
1205 676 1278 774 pla·

273 805 384 882 citum
414 788 683 920 Immortalitatis
710 801 930 881 tribuendum
955 809 1018 877 est.
1077 804 1162 879 Erat
1186 801 1278 876 enirn

275 930 346 1006 hoc
366 926 470 1025 ipfius
496 948 608 1007 aetate
627 934 698 1029 jann
719 930 952 1004 inveteratum
975 929 1071 1027 vulgi
1090 927 1279 1028 opinione,

275 1051 405 1131 dudum
438 1055 647 1130 celebratum
670 1078 689 1126 a
711 1055 898 1154 Theologis
924 1053 962 1129 ἃ
993 1053 1135 1144 Poetis,
1175 1073 1280 1154 atque

275 1179 451 1258 stennon
476 1181 618 1255 alienum
646 1204 666 1255 a
688 1178 847 1255 Thaletis
876 1176 1060 1267 doc'lrina,
1092 1199 1133 1255 ut
1163 1182 1280 1280 potius

273 1285 523 1407 ei'congruens
554 1304 660 1382 fuerit
685 1302 723 1380 oz
754 1306 930 1381 locum·in
959 1329 1000 1382 ea
1027 1308 1182 1391 hahuisse
1218 1310 1280 1383 de·

258 1431 394 1518 ,uaeris
451 1432 627 1532 Deinceps
658 1433 776 1531 paucis
806 1450 967 1509 monetur
999 1429 1043 1504 de
1077 1427 1304 1507 Anaximene

274 1559 357 1652 tiro,
391 1557 616 1649 Anaximene,
658 1559 802 1652 Diogene
825 1558 1049 1653 Apollonion,
1092 1558 1279 1643 Archelaus

273 1682 395 1780 quibus
429 1683 511 1756 licet
543 1686 611 1757 hoc
646 1680 814 1777 placitum
840 1684 874 1756 in
895 1684 963 1775 iis,
1003 1706 1090 1778 quae
1116 1680 1286 1774 exstant,

142 1810 145 1814 ’
273 1806 449 1886 Veterum
464 1808 694 1883 monumentis
714 1829 784 1881 non
798 1806 968 1906 ¹tributum
987 1809 1199 1905 reperiatur,
1226 1829 1280 1883 ta·

273 1953 356 2014 rnen
381 1930 600 2010 tribuendum
618 1933 772 2010 videturt
798 1929 880 2007 cum
902 1936 949 2008 ob
967 1956 1086 2010 eorurn
1105 1934 1280 2013 docrinae

272 2081 353 2145 curn
372 2058 530 2134 Thaletis
550 2056 705 2133 doctrina
725 2054 1022 2148 convenientiam,
1038 2077 1113 2136 tunr
1128 2066 1173 2139 ob
1190 2064 1281 2137 hano

272 2183 376 2257 etiam
399 2184 553 2257 criticam
577 2181 712 2279 legens,
737 2207 808 2258 non
831 2208 961 2280 proco
986 2209 1029 2258 ac
1050 2186 1156 2261 debet
1175 2191 1281 2282 vulgo

270 2289 505 2399 observatam,
530 2306 623 2403 quod
639 2305 684 2379 de
696 2305 831 2383 illorum
848 2334 868 2383 a
887 2307 1039 2388 Thalete
1057 2308 1092 2385 in
1110 2308 1180 2392 aliis
1195 2310 1284 2384 locis
1305 2299 1307 2302 ’
1356 2359 1358 2364 -

270 2433 421 2509 dissensu
444 2432 669 2529 prodiderunt
695 2434 874 2525 Veteres,
908 2433 952 2507 de
981 2435 1128 2508 dissensu
1153 2432 1189 2508 in
1210 2438 1281 2507 Ime

270 2559 480 2639 mortalitate
503 2559 549 2635 nil
568 2558 805 2657 prodiderunt.
839 2558 993 2662 Pluribus
1016 2558 1060 2631 de
1073 2556 1280 2653 'Anaxagora

201 2663 203 2667 ¹
272 2688 422 2776 dicitur,
457 2684 515 2780 qui
540 2686 577 2757 in
608 2690 676 2759 hoc
701 2685 830 2779 placito
852 2686 928 2779 plus
952 2684 1141 2788 aliquanto,
1157 2699 1159 2704 ’
1176 2704 1279 2779 quarn

269 2812 342 2899 issi,
367 2830 494 2903 operae
510 2806 657 2902 posuisse
677 2804 826 2880 videtur.
860 2810 997 2882 Summa
1013 2790 1200 2882 sententiae
1217 2809 1281 2905 Jo-

270 2930 427 3006 nicorum
451 2933 537 3007 haec
555 2954 628 3006 est:
664 2986 689 3022 „
717 2926 861 3008 Animos
882 2932 1056 3010 hominurn
1073 2932 1147 3006 esse
1163 2952 1283 3029 partes

272 3059 411 3134 Mentis
434 3060 520 3133 illius
539 3057 694 3151 divinae,
723 3073 810 3154 quae
832 3059 945 3136 omnia
967 3078 1123 3158 permeet
1145 3056 1184 3164 lla
1208 3055 1281 3133 ani·

273 3204 367 3271 met3
397 3184 504 3280 igitur
531 3210 590 3261 eos
612 3201 690 3279 post
715 3185 871 3282 corporis
892 3206 1042 3262 mortem
1069 3184 1282 3285 superesse-'²

267 3297 331 3387 xDe
353 3307 550 3387 conditione
565 3308 604 3384 ἃ
619 3307 709 3389 statu
725 3331 844 3386 eorum
862 3316 1047 3411 posthanc
1065 3314 1194 3404 vitam,
1219 3328 1279 3387 aut

245 3463 249 3482 ¹
272 3439 319 3514 nil
333 3419 579 3537 prodiderunt,
605 3455 664 3522 aut
679 3434 726 3509 nil
749 3442 791 3513 ab
814 3439 853 3511 iis
873 3437 1047 3536 proditum
1066 3439 1109 3521 ad
1126 3456 1278 3524 nostram¹

273 3567 370 3640 uenit
394 3560 605 3640 rner'noriam.
638 3558 763 3638 xForte
793 3573 907 3638 tamen
937 3565 1145 3663 consequens
1172 3559 1278 3652 etiam

275 3694 344 3767 hoc
364 3695 437 3767 ‘fuit
462 3712 581 3767 eorum
603 3686 760 3785 placitis,
798 3689 931 3764 Animis
960 3691 1201 3765 conscientiam
1227 3687 1278 3769 ssri

273 3813 313 3902 ἃ
342 3819 432 3922 quast
460 3820 638 3923 personam
666 3812 908 3905 constiturum,
942 3839 1010 3889 ncc
1039 3837 1114 3888 earn
1145 3816 1277 3914 peritu-

269 3933 343 4031 ram
371 3943 485 4026 reditu
510 3946 554 4028 ad
576 3939 727 4028 divinam
753 3939 926 4022 Mentem.
976 3942 1142 4033 Ceterum
1164 3938 1276 4050 Jouici
