2967 4859
385 292 646 449 mrmoms
670 349 770 468 ors.
794 331 1102 431 truentum·
1215 379 1243 455 ρ,

223 540 407 642 ,homines
419 543 594 617 haereant
643 530 686 611 In
709 527 817 626 priori
832 553 957 628 genere
982 529 1246 611 suntMinellia·
1360 517 1373 542 '

248 692 340 769 nae,
388 663 658 764 Farnabianae,·
688 654 879 754 stmilesque
916 653 1113 732 editiones:
1163 684 1248 757 quas

232 815 316 895 ψ
333 792 424 873 haud
437 788 573 887 penitus
590 803 795 872 contemno,
829 778 957 876 quippe
979 780 1055 875 ipse
1075 786 1249 880 quondam

250 917 367 997 earum
383 919 570 995 utilitatem
586 927 772 1011 expertus:
804 908 864 982 sed
888 908 1108 979 Plutarchum
1131 927 1244 988 totum

248 1042 385 1134 adeam
407 1041 571 1135 rationem
595 1038 652 1114 ndi
668 1034 783 1114 nolim.
830 1036 871 1108 In
892 1032 1001 1106 altero
1025 1055 1152 1129 genere
1171 1036 1251 1116 sunt

249 1167 466 1263 Bentlejanae
490 1165 688 1255 editiones,
728 1183 816 1260 quae
847 1162 947 1233 unice
970 1156 1005 1231 in
1032 1158 1246 1237 emendando

247 1292 455 1385 versantur,
487 1314 602 1376 rerum
630 1292 884 1385 verborumque
908 1307 1045 1359 ornnem
1068 1287 1246 1384 Interpre-

248 1422 438 1505 tationem,
464 1418 556 1515 quad
571 1418 764 1515 legentibus
779 1415 953 1513 cognitam
964 1468 974 1501 ,
984 1411 1166 1505 omittunt,
1176 1437 1246 1490 nec
1265 1431 1269 1442 ·

252 1563 327 1615 eam
344 1539 404 1614 nih
422 1540 536 1639 obiter
542 1539 621 1631 ,ubi
636 1537 880 1613 emendationis
889 1538 976 1612 rado
984 1538 1157 1611 reddenda
1174 1547 1250 1632 est,

247 1666 434 1762 attingunt.
459 1664 518 1739 Ad
535 1688 635 1761 quam
650 1664 733 1739 item
757 1662 944 1754 rationem,
968 1662 1175 1760 paucissimis
1188 1692 1249 1743 ac·

248 1794 521 1881 commodatam,
555 1813 624 1866 non
639 1787 793 1863 edendus
816 1806 870 1863 est
894 1790 1114 1883 Plutarchus,
1145 1773 1247 1891 'cujus

246 1919 401 1997 dodtrina
417 1940 497 1991 eum
516 1918 621 1992 habet
647 1916 822 2008 fructum,
857 1916 963 2014 quiin
988 1919 1161 2015 publicam
1180 1918 1247 1991 uti·
1350 1962 1354 1972 ·

245 2044 380 2118 litatem
394 2019 562 2138 explicari
578 2043 714 2124 debeat.
746 2040 843 2145 Qud
856 2021 988 2135 igitur?
1001 2041 1124 2115 Media
1145 2065 1250 2137 quac·

244 2166 326 2242 dam
348 2165 495 2241 tenenda
514 2185 568 2239 est
588 2164 664 2257 via,
698 2190 800 2265 quarn
817 2165 958 2265 quisque
974 2187 1043 2240 non
1066 2163 1252 2260 imperios-

243 2292 345 2368 lim'us
363 2293 456 2391 sequi
474 2294 585 2390 pnffit.
612 2294 804 2369 Carneades
820 2296 855 2369 in
875 2294 992 2370 schola
1012 2292 1152 2368 nimium
1177 2290 1248 2363 cla·

245 2439 343 2489 mans
353 2472 364 2505 ,
375 2413 402 2486 ‘a
411 2417 527 2492 vicino
542 2421 735 2524 admonitus
746 2440 786 2495 ut
801 2446 927 2496 vocem
939 2409 1155 2517 aliquantum
1166 2418 1245 2493 sub·

247 2539 433 2624 mitteret,
469 2540 664 2631 respondit,
700 2548 755 2611 Da
770 2546 945 2613 mibiaotis
962 2545 1154 2634 mensutam:
1193 2544 1248 2616 cui

247 2655 397 2762 vicinus,
422 2639 598 2756 msnfitram
615 2658 714 2732 babes
737 2665 896 2734 auditores
923 2680 1004 2733 tuos.
1057 2668 1111 2733 lta
1126 2661 1250 2737 Editor

245 2786 435 2872 mensuram
452 2784 747 2882 Interpretationis
770 2788 875 2879 habet
900 2786 1072 2882 legentes:
1098 2813 1246 2886 quorum

245 2909 470 3008 captui,quas1
487 2914 831 3001 auribus,itavocem
848 2901 1123 2990 accommodabit
1136 2918 1244 3013 suam,

246 3053 287 3108 ut
304 3060 325 3109 a
343 3036 464 3132 quovis
479 3059 547 3113 non
563 3040 664 3115 surdo
688 3037 918 3151 intelligatur,
940 3060 1006 3112 nec
1024 3046 1245 3140 contentione
1316 3125 1320 3134 ,

245 3161 418 3250 obtundat
435 3163 621 3256 acutiores,
651 3187 718 3238 nec
740 3166 957 3242 submisstone
973 3171 1246 3265 praeterlabatut

246 3286 453 3373 hebetiores.
504 3289 588 3368 Non
610 3288 714 3385 igitur
738 3291 774 3364 so
796 3291 868 3389 ipse
896 3291 1003 3367 faciet
1020 3294 1245 3388 mensuram,

246 3432 287 3488 ut
302 3413 347 3487 de
364 3412 405 3489 iis
431 3432 563 3490 tantum
576 3415 660 3503 locis
677 3415 791 3508 dicat,
814 3415 872 3511 qui
892 3419 1012 3509 [adhuc
1034 3420 1097 3518 ipst
1122 3420 1247 3508 diffici-

244 3544 294 3616 les
314 3542 513 3630 videantur‚
535 3528 731 3638 praetereat
756 3561 871 3623 autem
895 3543 1124 3644 locos,quos,
1140 3567 1243 3628 antea

246 3666 356 3741 minus
378 3659 587 3758 iutelledlos,
601 3670 672 3765 jam
694 3672 799 3767 longo
810 3668 969 3749 Auctoris
993 3657 1053 3745 usu
1071 3672 1240 3774 intelligit.

244 3788 425 3868 Personam
452 3795 562 3867 sumet
586 3795 689 3869 medii
713 3796 876 3889 hominis,
891 3798 1002 3894 qualis
1022 3798 1094 3895 ipse
1126 3804 1241 3877 fuerat

243 3935 447 4014 anteaquam
470 3922 514 3995 ad
529 3918 725 3999 interiorem
752 3922 1010 3999 conductore
1033 3925 1240 4021 familiarita-

245 4059 557 4142 tem-perveneram
580 4068 655 4124 tum
670 4050 741 4149 ipse
758 4052 792 4130 se
806 4050 980 4145 excutiet,
999 4039 1049 4127 fac
1064 4057 1124 4129 suo
1138 4049 1239 4148 sensu

295 4179 298 4184 Ι
559 4268 563 4274 Δ
688 4177 723 4252 A
748 4202 772 4273 5
1177 4213 1238 4278 el·¹
1368 4206 1371 4213 ’
