2967 4859
1179 397 1230 461 'm

142 591 147 598 ¹
223 559 277 642 ιι
261 555 476 690 inpostulat.
503 548 631 656 Neque
651 550 741 631 eninr
765 541 996 650 ingeniomm,
1019 548 1137 652 prouti
1150 573 1226 630 cot·

220 679 361 784 porum,
379 667 513 756 certam
530 675 704 754 mensurae
719 672 994 775 significationem
1015 669 1114 749 nobis
1129 669 1226 748 dedit

178 822 181 830 ·
221 801 376 878 Natura:
387 823 453 875 nec
469 791 1088 884 dodnr'namlicetaestimareautlibri
1103 813 1228 894 utgra·

225 939 370 995 ritatem
378 918 554 1016 ponderis
562 937 622 995 aut
635 892 878 994 thermometro
893 927 941 985 ut
949 909 1091 1009 gradum
1100 914 1232 1018 caloris.¹

223 1038 335 1112 Nunc
363 1031 509 1112 ιιιιιιιι
494 1061 593 1137 opur
617 1039 667 1130 est
697 1036 771 1113 libri
794 1030 1048 1129 descriptione,
1078 1011 1230 1129 ejusden

159 1208 162 1212 ,
224 1180 302 1232 cunr
328 1159 484 1233 srmilibus
507 1157 596 1235 libris
629 1156 901 1258 comparatione,
925 1149 1097 1252 frequenti
1121 1151 1229 1260 speci-

224 1271 354 1353 minum
383 1267 738 1372 commemoratione,
760 1255 1109 1371 ιιιιιιιοιιοιιιιοιιι,Ι
1126 1270 1232 1380 modo

223 1396 435 1487 laudatione,
458 1397 562 1472 modo
576 1398 864 1529 reprehensione,
862 1390 954 1467 omni
970 1389 1160 1488 explicandi
1175 1392 1232 1467 via

216 1508 271 1585 dc
287 1501 439 1604 ratione,
465 1512 557 1586 or'n'ni
582 1515 707 1589 mentis
722 1514 757 1588 in
774 1528 892 1583 ornnes
912 1524 1026 1606 parter
1050 1505 1234 1612 agitatione

224 1623 265 1705 dr
271 1629 529 1736 ιοιιιιΙιιιοιιις
552 1645 592 1707 ιιι
606 1633 663 1708 ιιι
678 1634 886 1732 aliquatenus
902 1628 978 1703 libri
992 1624 1141 1727 pretium
1162 1625 1233 1702 lau·
1331 1719 1335 1730 Ι

225 1746 344 1845 disque
368 1727 508 1846 gradum
529 1750 694 1852 intelligat
716 1753 852 1853 legens,
876 1773 917 1824 ac
935 1750 1034 1847 saepe
1048 1769 1095 1822 ne
1111 1744 1232 1821 intelli·

224 1884 283 1965 gat
301 1869 457 1966 quidem,
475 1869 568 1947 ιιιιιι
553 1872 626 1969 ipse
640 1869 759 1949 haruin
771 1895 883 1948 rerum
898 1869 1054 1970 peritiam
1073 1866 1235 1967 usumque

179 1975 182 1980 ¹
225 1981 272 2060 bd
286 1990 453 2062 censurae
469 1989 651 2072 lectionem
670 1993 842 2072 adtulerit.

228 2095 233 2134 ³
276 2104 375 2178 Alter
383 2093 862 2206 scrupurusfflraemnnssme
875 2103 1235 2201 rontemnrefereba:

226 2237 284 2296 tur
307 2224 349 2298 ad
363 2226 473 2324 ipsum
490 2230 717 2326 scriptorem,
730 2228 774 2305 de
791 2254 860 2327 quo
877 2230 1077 2332 judicatur
1084 2212 1236 2326 Νιιιιιιι
1290 2232 1292 2237 ’

227 2343 320 2419 'omnr
309 2343 507 2444 Scriptore
524 2348 611 2424 duae
623 2350 710 2426 su'nt
722 2354 811 2451 quasi
822 2350 1003 2448 personae,
1028 2352 1132 2426 altera
1146 2347 1236 2426 neri·-

229 2459 368 2556 ptoris,
401 2464 505 2532 astera
534 2466 703 2536 hominis:
728 2492 815 2558 quae
848 2468 1009 2560 personae
1041 2470 1101 2543 nisi
1128 2469 1237 2564 probe

229 2563 460 2650 discernantur
475 2595 516 2647 ac
532 2574 798 2684 distinguantur,
806 2578 919 2647 maie
907 2601 944 2668 m
959 2582 1169 2654 alterutram
1162 2604 1238 2682 par,-

226 2713 320 2782 tem,
345 2693 505 2768 leniorem
518 2694 788 2784 severioremve,
807 2691 1025 2790 judicabitur.
1050 2697 1145 2797 Ergo
1160 2722 1238 2808 per·

228 2823 343 2915 'peram
362 2812 513 2901 faciunt,
539 2836 598 2916 qur
589 2799 820 2920 Scriptorem
835 2829 1001 2912 quaerunt
1018 2817 1076 2894 ubi
1089 2842 1159 2900 non
1175 2813 1235 2900 n'ifi

229 2920 401 3012 hominem
409 2941 575 3031 quaerere
582 2923 780 3039 debebant,
805 2934 843 3010 dc
860 2931 989 3009 contra.
1015 2938 1113 3012 Hoc·
1106 2943 1236 3019 ··obscu

228 3053 300 3131 'rius
323 3043 420 3130 forte
429 3052 556 3129 diebum
580 3028 738 3154 exemplo
758 3031 967 3149 explanetur.
992 3054 1237 3172 Meminimus,
1317 3056 1320 3062 ’

226 3153 506 3266 Praestantissrme
539 3173 716 3265 Fo'nteini,
738 3197 801 3248 nos
819 3162 963 3270 saepius
967 3176 1082 3252 audire
1105 3202 1151 3255 ex
1172 3165 1235 3276 hoq

112 3305 116 3312 '
229 3293 373 3372 minibus
389 3317 530 3393 peregre
551 3279 786 3390 uenientibus,
811 3315 890 3367 cum
911 3293 1064 3371 dicerent
1093 3298 1127 3371 se
1145 3271 1236 3414 apud

228 3416 340 3494 'tirum
358 3412 496 3488 dodum
508 3413 629 3506 fuisse,
647 3411 703 3487 sed
721 3436 799 3487 eum
814 3411 857 3488 nis
872 3415 1024 3510 locutum
1039 3416 1131 3511 qnod
1148 3420 1237 3493 cele·

229 3535 326 3612 brata
338 3532 436 3631 ipsius
454 3531 606 3608 doctrina
623 3533 761 3633 dignum
779 3533 878 3611 esset.
908 3532 1024 3610 Nimis
1039 3535 1175 3635 quidem
1188 3521 1235 3617 illi

227 3652 354 3749 cupide
386 3633 469 3725 &t
457 3652 630 3747 imperite:
676 3637 882 3751 Scriptorern
912 3658 1143 3751 quaerebant,
1175 3657 1236 3734 ubi

177 3825 180 3832 .
231 3770 647 3871 homoquaerenduse'rat:
660 3772 841 3873 quasrvero
858 3774 1121 3855 edoctorum
1084 3777 1235 3853 virorum

231 3903 291 3961 'ore
301 3892 633 3987 perennedottnnae
647 3893 774 3972 flumen
784 3918 920 3971 manare
935 3894 1069 3975 debeat.
1105 3900 1236 3988 Immo,

1167 4036 1238 4117 quo
